3204 4996
626 475 922 546 Prolegomena.
1272 479 1348 544 ΧῙΧ

199 671 334 736 tulimus.
359 672 505 751 quamuis
528 691 598 754 erpo
623 677 651 736 ei
673 674 710 735 iu
733 673 848 752 ceteris,
872 691 951 752 quae
974 671 1240 752 supradiximus,
1266 673 1350 736 labo·

198 785 305 842 ratura
327 779 417 842 uobis
439 781 480 843 sit
503 779 538 842 iu
560 778 744 860 supplendis
761 779 820 856 bis,
844 799 924 862 quac
943 780 1098 855 omiserat,
1117 779 1153 842 iu
1170 779 1226 844 boc
1244 785 1347 842 taruco

199 906 288 966 opere
307 885 456 966 epistulae
475 885 519 948 aal
536 884 698 950 Romanos
713 939 719 951 .
735 880 949 949 .‘.irurneusus
967 886 1057 950 uobis
1076 891 1104 949 et
1121 886 1348 950 inextricabilis

197 991 340 1072 incubuit
372 990 467 1055 labor.
505 989 560 1055 secl
596 991 760 1055 delectauit
795 991 965 1056 indulsisse
997 991 1161 1071 laboribus,
1193 993 1222 1054 si
1257 993 1348 1054 ruodo

197 1118 272 1175 uon,
296 1102 330 1160 ut
360 1100 397 1162 iu
428 1097 504 1161 aliis
536 1099 654 1178 superii
684 1118 801 1177 sumus,
832 1097 1004 1162 ualeriolae
1035 1102 1169 1161 urentes.
1186 1150 1192 1162 .
1208 1149 1213 1162 .
1230 1096 1349 1161 labores

197 1209 434 1270 remunerentur
461 1203 606 1281 insidiis
634 1225 752 1269 uouura
781 1207 893 1286 quippe
921 1205 1010 1286 apucl
1036 1225 1086 1269 eos
1117 1204 1225 1286 subrue
1250 1225 1348 1287 peuus

197 1312 347 1376 subimus.
368 1313 459 1374 aiuui
476 1312 560 1374 euius
574 1312 669 1376 mibi:
688 1312 797 1388 iubis,
819 1331 897 1393 quae
910 1312 1029 1390 scribis,
1048 1311 1349 1392 puoriiaueplurirua

198 1418 234 1481 iu
260 1420 302 1482 iis
330 1419 377 1481 tui
404 1420 506 1498 operis
532 1418 696 1498 baberetur,
724 1419 767 1482 da
794 1418 918 1482 titulum
946 1418 1085 1481 uoruiruis
1109 1418 1157 1480 tui
1184 1421 1213 1481 et
1234 1417 1349 1480 scribe:

197 1524 320 1608 Rufini,
347 1525 435 1588 uerbi
455 1527 573 1608 pratia,
597 1525 633 1588 iu
655 1525 821 1605 epistulam
843 1523 887 1588 ad
909 1523 1068 1589 Romanos
1092 1523 1349 1604 explanationum

198 1631 280 1711 libri,
307 1633 387 1694 sicut
414 1635 442 1694 et
469 1631 556 1712 apua
583 1636 733 1710 auctores,
767 1632 924 1712 inquiunt,
956 1630 1131 1694 saeculares
1158 1651 1223 1694 uou
1248 1629 1347 1706 illius,

199 1740 253 1817 qui
276 1759 313 1801 eu
340 1735 460 1800 Graeco
483 1737 657 1802 translatus
680 1742 733 1818 cst,
759 1735 814 1801 secl
836 1736 934 1812 illius,
964 1738 1018 1817 qui
1041 1735 1213 1813 transtulit,
1236 1755 1349 1800 nomeu

197 1843 309 1909 titulus
331 1849 418 1908 leuet.
442 1844 498 1908 luoc
521 1847 625 1908 auteur
643 1849 740 1909 totum
759 1843 837 1907 mibi
856 1842 976 1908 elesiarii
993 1864 1057 1906 uou
1076 1843 1270 1925 amorerat,
1295 1843 1349 1906 secl

197 1951 268 2016 odio
300 1952 446 2016 auctoris.
478 1971 588 2014 rieruru
621 1971 683 2034 epo,
717 1952 773 2035 qui
798 1951 875 2032 plus
907 1950 1112 2014 couscieuiiae
1138 1969 1224 2012 ureae
1253 1969 1346 2029 quam

196 2059 319 2122 uouuiui
341 2057 454 2142 defero,
479 2061 593 2122 etiarn
620 2059 655 2122 si
682 2057 815 2122 addere
839 2057 972 2138 aliqua
993 2056 1126 2120 uideor
1145 2060 1177 2120 et
1200 2055 1348 2136 ereptore

197 2187 290 2248 uuae
309 2167 443 2230 besuui
461 2173 527 2230 aut
545 2166 720 2230 breuiare
739 2188 830 2247 quae
846 2165 956 2246 loupa
969 2169 1065 2240 suut,
1080 2165 1212 2249 furari
1226 2168 1348 2226 iarueu

197 2273 346 2340 tilulum
371 2274 448 2348 eius,
472 2274 527 2354 qui
541 2273 756 2357 flsrrudaureuta
778 2275 880 2353 operis
902 2272 974 2335 iecit
993 2276 1020 2335 ct
1043 2271 1243 2335 construendi
1262 2270 1349 2333 aedi-

188 2380 262 2463 ficii
292 2381 460 2444 materiam
486 2379 645 2460 praebuit,
678 2383 817 2442 rectum
849 2399 921 2442 uou
948 2383 1050 2459 puio.
1083 2377 1165 2444 uude
1197 2377 1346 2440 Rufinum

200 2507 257 2552 suo
295 2488 421 2552 nomine
458 2507 519 2551 non
557 2487 664 2551 addito
701 2485 925 2551 translationes
962 2485 1098 2549 edidisse
1137 2484 1347 2566 comperimus

198 2613 256 2658 nee
288 2595 426 2676 amplius
458 2593 621 2673 miramur,
654 2593 738 2675 qnod
771 2594 941 2676 scriptores
969 2593 1074 2657 Latini
1101 2590 1208 2655 Rufini
1235 2609 1348 2654 nomen

197 2703 229 2765 in
251 2701 418 2778 laudandis
440 2701 521 2766 locis
545 2702 583 2766 ab
609 2721 644 2765 eo
668 2701 831 2766 translatis
855 2720 918 2765 non
941 2700 1076 2764 afferunt
1100 2701 1132 2763 et
1149 2699 1181 2762 in
1201 2697 1347 2763 codicum

198 2827 324 2890 qnoque
369 2808 632 2889 inscriptionibus
679 2807 822 2890 scriptor,
870 2807 924 2889 qui
965 2806 1138 2870 translatus
1182 2808 1240 2881 est,
1287 2823 1347 2867 non

198 2915 340 2991 Rufinus,
365 2915 420 2996 qui
438 2915 612 2993 transtulit,
634 2914 822 2978 nominatur.
840 2913 873 2976 id
893 2933 991 2976 rrnum
1011 2911 1144 2975 Rufinus
1164 2911 1227 2975 sibi
1245 2909 1348 2972 indul-

199 3021 250 3099 sit,
275 3024 312 3085 ut
334 3021 597 3086 translationibus
623 3021 689 3086 suis
713 3022 864 3104 prologos
889 3019 1115 3103 praemitteret,
1141 3017 1180 3084 cf.
1206 3015 1348 3082 Gennad.

199 3129 236 3193 de
269 3129 327 3192 nir.
360 3127 404 3192 ill.
440 3129 494 3191 17:
532 3127 643 3191 barrem
675 3131 814 3192 orauiuru
847 3145 1096 3208 quaecuuque
1121 3122 1349 3204 praemissis

191 3235 365 3317 prolopis
402 3256 424 3298 a
454 3233 612 3298 Latinis
644 3234 827 3317 lepuuiur,
860 3255 881 3296 a
913 3231 1060 3312 Rufino
1092 3233 1348 3310 interpretata

198 3347 299 3418 suut·
329 3363 409 3421 quiae
436 3346 540 3404 auteur
566 3343 634 3404 siue
660 3341 800 3424 proloqu,
835 3343 873 3405 ab
902 3339 966 3402 ulio
997 3337 1155 3402 translata
1182 3340 1264 3416 sura,
1294 3335 1349 3418 qui

191 3448 357 3530 prolapunc
380 3447 481 3528 facere
498 3447 613 3534 *euoluit

243 3555 327 3620 Satis
342 3556 437 3620 celeri
452 3557 573 3619 calamo
589 3563 735 3618 exarasse
744 3553 893 3617 Rufinum
907 3552 1196 3632 interpretationem
1206 3553 1347 3614 nostram

196 3662 426 3746 intellegimus,
465 3662 493 3728 si
530 3682 602 3726 erum
634 3661 717 3725 intra
748 3661 845 3725 breue
877 3659 972 3724 unius
1005 3659 1070 3724 fere
1103 3656 1175 3720 anni
1208 3656 1347 3738 spatium

196 3772 321 3851 praeter
343 3768 502 3852 Pamphili
525 3769 701 3852 Apologiae
729 3787 784 3850 pro
810 3765 945 3850 Origene
972 3765 1089 3829 librum
1112 3762 1250 3846 primum
1274 3761 1347 3825 alia-

198 3896 257 3957 que
290 3876 386 3940 etiam
421 3879 572 3959 quattuor
599 3873 744 3959 Origenis
773 3875 842 3958 περὶ
870 3875 976 3958 ἀρχῶν
1007 3872 1106 3942 libros
1135 3871 1171 3934 ad
1199 3871 1349 3950 interpre-

195 3982 328 4047 tandum
352 3981 546 4048 difficillinos
571 3982 708 4046 uertisse
732 3983 932 4062 reputamus:
957 3979 1011 4060 qui
1034 3980 1159 4042 tantum
1184 3995 1263 4058 opus
1282 3979 1347 4038 tam

197 4091 341 4156 celeriter
362 4090 589 4171 interpretatus
615 4092 673 4166 est,
698 4089 727 4152 ei
750 4106 868 4170 paucas
889 4086 1047 4151 orationes
1067 4084 1198 4148 Latinae
1217 4100 1348 4146 consue-

196 4197 301 4262 tudini
324 4196 448 4262 trabere
471 4195 567 4260 ludus
592 4197 667 4259 erat.
690 4194 800 4259 insunt
822 4198 927 4256 tamen
951 4193 983 4256 in
1007 4191 1067 4255 hac
1089 4187 1347 4270 interpretatione

197 4323 326 4381 errores,
351 4303 406 4384 qni
429 4303 482 4367 uix
506 4301 649 4366 excusari
671 4300 817 4381 possunt,
843 4297 934 4361 uelut
958 4317 988 4378 p.
1015 4297 1089 4372 122,
1112 4294 1151 4357 17
1177 4311 1241 4355 uon
1265 4291 1348 4353 erriru

194 4415 364 4494 peueraiur
383 4409 502 4492 (filius)
522 4408 576 4472 secl
589 4406 740 4488 procedit,
765 4407 796 4470 si
822 4410 942 4469 tarueu
962 4403 1073 4468 etiarn
1091 4402 1131 4463 iu
1149 4399 1256 4461 rebus
1275 4401 1358 4458 taras

1277 4501 1311 4553 b*
