<?xml version="1.0" encoding="UTF-8"?>
<!DOCTYPE html PUBLIC "-//W3C//DTD XHTML 1.0 Transitional//EN"
    "http://www.w3.org/TR/xhtml1/DTD/xhtml1-transitional.dtd">
<html xmlns="http://www.w3.org/1999/xhtml" xml:lang="en" lang="en">
 <head>
  <title>
</title>
<meta http-equiv="Content-Type" content="text/html;charset=utf-8" />
  <meta name='ocr-system' content='tesseract 3.04.00' />
  <meta name='ocr-capabilities' content='ocr_page ocr_carea ocr_par ocr_line ocrx_word'/>
</head>
<body>
  <div class='ocr_page' id='page_1' title='image "./tyranniirvfinio00engegoog_0021.png"; bbox 0 0 3204 4996; ppageno 0'>
   <div class='ocr_carea' id='block_1_1' title="bbox 196 406 914 477">
    <p class='ocr_par' dir='ltr' id='par_1_1' title="bbox 196 406 914 477">
     <span class='ocr_line' id='line_1_1' title="bbox 196 406 914 477; baseline 0.011 -22"><span class='ocrx_word' id='word_1_1' title='bbox 196 409 259 474; x_wconf 80' lang='lat' dir='ltr'><strong>XII</strong></span> <span class='ocrx_word' id='word_1_2' title='bbox 623 406 914 477; x_wconf 88' lang='lat' dir='ltr'><strong>Prolegomena.</strong></span> 
     </span>
    </p>
   </div>
   <div class='ocr_carea' id='block_1_2' title="bbox 186 601 1354 3672">
    <p class='ocr_par' dir='ltr' id='par_1_2' title="bbox 186 601 1354 3672">
     <span class='ocr_line' id='line_1_2' title="bbox 197 601 1352 692; baseline 0.008 -27"><span class='ocrx_word' id='word_1_3' title='bbox 197 601 370 685; x_wconf 82' lang='lat' dir='ltr'><strong>praefixum</strong></span> <span class='ocrx_word' id='word_1_4' title='bbox 393 623 449 686; x_wconf 92' lang='lat' dir='ltr'><strong>per</strong></span> <span class='ocrx_word' id='word_1_5' title='bbox 473 622 608 669; x_wconf 90' lang='lat' dir='ltr'><strong>errorem</strong></span> <span class='ocrx_word' id='word_1_6' title='bbox 632 604 679 669; x_wconf 86' lang='lat' dir='ltr'><strong>ita</strong></span> <span class='ocrx_word' id='word_1_7' title='bbox 701 605 906 686; x_wconf 77' lang='lat' dir='ltr'>intellexisse,</span> <span class='ocrx_word' id='word_1_8' title='bbox 931 607 1022 689; x_wconf 86' lang='lat' dir='ltr'><strong>quasi</strong></span> <span class='ocrx_word' id='word_1_9' title='bbox 1046 609 1153 692; x_wconf 88' lang='lat' dir='ltr'><strong>magni</strong></span> <span class='ocrx_word' id='word_1_10' title='bbox 1175 609 1263 674; x_wconf 91' lang='lat' dir='ltr'><strong>illius</strong></span> <span class='ocrx_word' id='word_1_11' title='bbox 1287 610 1352 674; x_wconf 89' lang='lat' dir='ltr'><strong>Na-</strong></span> 
     </span>
     <span class='ocr_line' id='line_1_3' title="bbox 197 709 1354 785; baseline 0.007 -12"><span class='ocrx_word' id='word_1_12' title='bbox 197 709 335 774; x_wconf 82' lang='lat' dir='ltr'><strong>zianzeni</strong></span> <span class='ocrx_word' id='word_1_13' title='bbox 354 712 453 785; x_wconf 89' lang='lat' dir='ltr'><strong>esset;</strong></span> <span class='ocrx_word' id='word_1_14' title='bbox 474 711 613 778; x_wconf 80' lang='lat' dir='ltr'><strong>similem</strong></span> <span class='ocrx_word' id='word_1_15' title='bbox 631 710 715 774; x_wconf 90' lang='lat' dir='ltr'><strong>enim</strong></span> <span class='ocrx_word' id='word_1_16' title='bbox 735 730 872 776; x_wconf 91' lang='lat' dir='ltr'><strong>errorem</strong></span> <span class='ocrx_word' id='word_1_17' title='bbox 892 712 987 778; x_wconf 86' lang='lat' dir='ltr'><strong>etiam</strong></span> <span class='ocrx_word' id='word_1_18' title='bbox 1002 713 1078 778; x_wconf 86' lang='lat' dir='ltr'><strong>alibi</strong></span> <span class='ocrx_word' id='word_1_19' title='bbox 1095 717 1223 780; x_wconf 85' lang='lat' dir='ltr'><strong>sanctus</strong></span> <span class='ocrx_word' id='word_1_20' title='bbox 1239 714 1354 781; x_wconf 90' lang='lat' dir='ltr'><strong>doctor</strong></span> 
     </span>
     <span class='ocr_line' id='line_1_4' title="bbox 198 816 1348 905; baseline 0.004 -24"><span class='ocrx_word' id='word_1_21' title='bbox 198 816 369 894; x_wconf 83' lang='lat' dir='ltr'><strong>commisit,</strong></span> <span class='ocrx_word' id='word_1_22' title='bbox 402 817 458 881; x_wconf 93' lang='lat' dir='ltr'><strong>ubi</strong></span> <span class='ocrx_word' id='word_1_23' title='bbox 489 817 597 883; x_wconf 90' lang='lat' dir='ltr'><strong>locum</strong></span> <span class='ocrx_word' id='word_1_24' title='bbox 629 817 762 883; x_wconf 85' lang='lat' dir='ltr'><strong>laudans</strong></span> <span class='ocrx_word' id='word_1_25' title='bbox 797 837 833 882; x_wconf 81' lang='lat' dir='ltr'><strong>ex</strong></span> <span class='ocrx_word' id='word_1_26' title='bbox 865 820 1100 886; x_wconf 88' lang='lat' dir='ltr'><strong>commentariis</strong></span> <span class='ocrx_word' id='word_1_27' title='bbox 1132 820 1164 884; x_wconf 94' lang='lat' dir='ltr'><strong>in</strong></span> <span class='ocrx_word' id='word_1_28' title='bbox 1193 821 1348 905; x_wconf 82' lang='lat' dir='ltr'>epistulas</span> 
     </span>
     <span class='ocr_line' id='line_1_5' title="bbox 197 923 1349 1010; baseline 0.003 -23"><span class='ocrx_word' id='word_1_29' title='bbox 197 923 299 1001; x_wconf 85' lang='lat' dir='ltr'><strong>Pauli,</strong></span> <span class='ocrx_word' id='word_1_30' title='bbox 319 923 374 1005; x_wconf 91' lang='lat' dir='ltr'><strong>qui</strong></span> <span class='ocrx_word' id='word_1_31' title='bbox 398 925 495 1010; x_wconf 92' lang='lat' dir='ltr'><strong>uulgo</strong></span> <span class='ocrx_word' id='word_1_32' title='bbox 519 924 594 990; x_wconf 88' lang='lat' dir='ltr'><strong>dcto</strong></span> <span class='ocrx_word' id='word_1_33' title='bbox 617 925 845 990; x_wconf 83' lang='lat' dir='ltr'><strong>Ambrosiastri</strong></span> <span class='ocrx_word' id='word_1_34' title='bbox 863 926 989 990; x_wconf 90' lang='lat' dir='ltr'><strong>nomine</strong></span> <span class='ocrx_word' id='word_1_35' title='bbox 1009 927 1076 991; x_wconf 91' lang='lat' dir='ltr'><strong>noti</strong></span> <span class='ocrx_word' id='word_1_36' title='bbox 1095 930 1181 1005; x_wconf 85' lang='lat' dir='ltr'><strong>sunt,</strong></span> <span class='ocrx_word' id='word_1_37' title='bbox 1205 933 1349 991; x_wconf 80' lang='lat' dir='ltr'><strong>sanctam</strong></span> 
     </span>
     <span class='ocr_line' id='line_1_6' title="bbox 197 1028 1352 1118; baseline 0.005 -27"><span class='ocrx_word' id='word_1_38' title='bbox 197 1028 366 1092; x_wconf 79' lang='lat' dir='ltr'><em>Hilarium</em></span> <span class='ocrx_word' id='word_1_39' title='bbox 389 1032 550 1094; x_wconf 81' lang='lat' dir='ltr'>auctorem</span> <span class='ocrx_word' id='word_1_40' title='bbox 573 1029 619 1094; x_wconf 92' lang='lat' dir='ltr'><strong>ita</strong></span> <span class='ocrx_word' id='word_1_41' title='bbox 643 1029 721 1094; x_wconf 91' lang='lat' dir='ltr'><strong>dicit</strong></span> <span class='ocrx_word' id='word_1_42' title='bbox 743 1030 874 1114; x_wconf 83' lang='lat' dir='ltr'><strong>(Contra</strong></span> <span class='ocrx_word' id='word_1_43' title='bbox 897 1030 976 1096; x_wconf 90' lang='lat' dir='ltr'><strong>duas</strong></span> <span class='ocrx_word' id='word_1_44' title='bbox 1001 1031 1094 1114; x_wconf 80' lang='lat' dir='ltr'><strong>epist.</strong></span> <span class='ocrx_word' id='word_1_45' title='bbox 1117 1032 1225 1118; x_wconf 88' lang='lat' dir='ltr'><strong>Pelag.</strong></span> <span class='ocrx_word' id='word_1_46' title='bbox 1247 1034 1294 1097; x_wconf 92' lang='lat' dir='ltr'><strong>IV</strong></span> <span class='ocrx_word' id='word_1_47' title='bbox 1317 1037 1352 1112; x_wconf 76' lang='lat'><strong>4,</strong></span> 
     </span>
     <span class='ocr_line' id='line_1_7' title="bbox 198 1133 1349 1222; baseline 0.002 -22"><span class='ocrx_word' id='word_1_48' title='bbox 198 1136 216 1200; x_wconf 87' lang='grc'><strong>7</strong></span> <span class='ocrx_word' id='word_1_49' title='bbox 247 1161 290 1190; x_wconf 83' lang='grc'><strong>--</strong></span> <span class='ocrx_word' id='word_1_50' title='bbox 317 1134 420 1200; x_wconf 86' lang='lat' dir='ltr'>XLIV</span> <span class='ocrx_word' id='word_1_51' title='bbox 449 1137 514 1201; x_wconf 78' lang='lat'><strong>614</strong></span> <span class='ocrx_word' id='word_1_52' title='bbox 541 1133 602 1222; x_wconf 87' lang='grc' dir='ltr'><strong>Μ),</strong></span> <span class='ocrx_word' id='word_1_53' title='bbox 635 1143 672 1201; x_wconf 91' lang='lat' dir='ltr'><strong>ut</strong></span> <span class='ocrx_word' id='word_1_54' title='bbox 704 1155 777 1201; x_wconf 93' lang='lat' dir='ltr'><strong>eum</strong></span> <span class='ocrx_word' id='word_1_55' title='bbox 803 1137 962 1201; x_wconf 83' lang='lat' dir='ltr'><strong>Hilarium</strong></span> <span class='ocrx_word' id='word_1_56' title='bbox 990 1137 1225 1204; x_wconf 87' lang='lat' dir='ltr'><strong>Pictauiensem</strong></span> <span class='ocrx_word' id='word_1_57' title='bbox 1257 1140 1349 1204; x_wconf 92' lang='lat' dir='ltr'><strong>intel-</strong></span> 
     </span>
     <span class='ocr_line' id='line_1_8' title="bbox 196 1242 1352 1326; baseline 0.005 -21"><span class='ocrx_word' id='word_1_58' title='bbox 196 1242 312 1306; x_wconf 86' lang='lat' dir='ltr'><strong>lexisse</strong></span> <span class='ocrx_word' id='word_1_59' title='bbox 335 1245 428 1326; x_wconf 90' lang='lat' dir='ltr'><strong>plane</strong></span> <span class='ocrx_word' id='word_1_60' title='bbox 452 1247 585 1325; x_wconf 85' lang='lat' dir='ltr'><strong>constet,</strong></span> <span class='ocrx_word' id='word_1_61' title='bbox 611 1263 813 1326; x_wconf 83' lang='lat' dir='ltr'><strong>quamquam,</strong></span> <span class='ocrx_word' id='word_1_62' title='bbox 838 1244 866 1308; x_wconf 89' lang='lat' dir='ltr'><strong>si</strong></span> <span class='ocrx_word' id='word_1_63' title='bbox 890 1243 1016 1309; x_wconf 90' lang='lat' dir='ltr'><strong>omnino</strong></span> <span class='ocrx_word' id='word_1_64' title='bbox 1041 1248 1271 1311; x_wconf 79' lang='lat' dir='ltr'><strong>commentator</strong></span> <span class='ocrx_word' id='word_1_65' title='bbox 1292 1246 1352 1311; x_wconf 89' lang='lat' dir='ltr'><strong>ille</strong></span> 
     </span>
     <span class='ocr_line' id='line_1_9' title="bbox 194 1349 1345 1435; baseline 0.003 -22"><span class='ocrx_word' id='word_1_66' title='bbox 194 1349 336 1416; x_wconf 83' lang='lat' dir='ltr'><strong>Hilarius</strong></span> <span class='ocrx_word' id='word_1_67' title='bbox 361 1349 520 1428; x_wconf 80' lang='lat' dir='ltr'><strong>audiebat,</strong></span> <span class='ocrx_word' id='word_1_68' title='bbox 546 1349 628 1414; x_wconf 89' lang='lat' dir='ltr'><strong>alius</strong></span> <span class='ocrx_word' id='word_1_69' title='bbox 652 1349 795 1414; x_wconf 86' lang='lat' dir='ltr'><strong>Hilarius</strong></span> <span class='ocrx_word' id='word_1_70' title='bbox 819 1369 914 1432; x_wconf 88' lang='lat' dir='ltr'><strong>quam</strong></span> <span class='ocrx_word' id='word_1_71' title='bbox 939 1350 1109 1435; x_wconf 91' lang='lat' dir='ltr'><strong>episcopus</strong></span> <span class='ocrx_word' id='word_1_72' title='bbox 1133 1352 1345 1417; x_wconf 86' lang='lat' dir='ltr'><strong>Pictauiensis</strong></span> 
     </span>
     <span class='ocr_line' id='line_1_10' title="bbox 197 1455 1348 1543; baseline 0.003 -23"><span class='ocrx_word' id='word_1_73' title='bbox 197 1455 306 1543; x_wconf 67' lang='lat' dir='ltr'><strong>erar).</strong></span> <span class='ocrx_word' id='word_1_74' title='bbox 339 1457 395 1522; x_wconf 91' lang='lat' dir='ltr'><strong>sed</strong></span> <span class='ocrx_word' id='word_1_75' title='bbox 426 1456 655 1541; x_wconf 77' lang='lat' dir='ltr'><strong>Augustinum</strong></span> <span class='ocrx_word' id='word_1_76' title='bbox 688 1456 800 1522; x_wconf 93' lang='lat' dir='ltr'><strong>ubiubi</strong></span> <span class='ocrx_word' id='word_1_77' title='bbox 835 1456 980 1542; x_wconf 84' lang='lat' dir='ltr'><strong>Gregorii</strong></span> <span class='ocrx_word' id='word_1_78' title='bbox 1007 1456 1198 1524; x_wconf 86' lang='lat' dir='ltr'><strong>Nazianzeni</strong></span> <span class='ocrx_word' id='word_1_79' title='bbox 1229 1460 1348 1541; x_wconf 84' lang='lat' dir='ltr'><strong>scripta</strong></span> 
     </span>
     <span class='ocr_line' id='line_1_11' title="bbox 194 1562 1354 1645; baseline 0.003 -18"><span class='ocrx_word' id='word_1_80' title='bbox 194 1562 315 1640; x_wconf 86' lang='lat' dir='ltr'><strong>laudat,</strong></span> <span class='ocrx_word' id='word_1_81' title='bbox 343 1564 431 1627; x_wconf 86' lang='lat' dir='ltr'><strong>nulla</strong></span> <span class='ocrx_word' id='word_1_82' title='bbox 454 1563 516 1627; x_wconf 89' lang='lat' dir='ltr'><strong>alia</strong></span> <span class='ocrx_word' id='word_1_83' title='bbox 539 1562 659 1645; x_wconf 89' lang='lat' dir='ltr'><strong>scripta</strong></span> <span class='ocrx_word' id='word_1_84' title='bbox 682 1582 777 1645; x_wconf 91' lang='lat' dir='ltr'><strong>quam</strong></span> <span class='ocrx_word' id='word_1_85' title='bbox 801 1581 881 1645; x_wconf 90' lang='lat' dir='ltr'><strong>quae</strong></span> <span class='ocrx_word' id='word_1_86' title='bbox 905 1582 923 1627; x_wconf 90' lang='lat' dir='ltr'><strong>a</strong></span> <span class='ocrx_word' id='word_1_87' title='bbox 946 1563 1059 1629; x_wconf 88' lang='lat' dir='ltr'><strong>Rufino</strong></span> <span class='ocrx_word' id='word_1_88' title='bbox 1083 1565 1237 1630; x_wconf 86' lang='lat' dir='ltr'><strong>translata</strong></span> <span class='ocrx_word' id='word_1_89' title='bbox 1261 1568 1354 1630; x_wconf 87' lang='lat' dir='ltr'><strong>erant</strong></span> 
     </span>
     <span class='ocr_line' id='line_1_12' title="bbox 194 1669 1348 1754; baseline 0.001 -21"><span class='ocrx_word' id='word_1_90' title='bbox 194 1670 379 1754; x_wconf 85' lang='lat' dir='ltr'><strong>intellegere</strong></span> <span class='ocrx_word' id='word_1_91' title='bbox 411 1689 581 1752; x_wconf 87' lang='lat' dir='ltr'><strong>eorumque</strong></span> <span class='ocrx_word' id='word_1_92' title='bbox 614 1669 712 1735; x_wconf 89' lang='lat' dir='ltr'><strong>uerba</strong></span> <span class='ocrx_word' id='word_1_93' title='bbox 745 1689 781 1734; x_wconf 87' lang='lat' dir='ltr'><strong>er</strong></span> <span class='ocrx_word' id='word_1_94' title='bbox 811 1669 917 1734; x_wconf 86' lang='lat' dir='ltr'><strong>Rufini</strong></span> <span class='ocrx_word' id='word_1_95' title='bbox 949 1670 1210 1752; x_wconf 87' lang='lat' dir='ltr'><strong>interpretatione</strong></span> <span class='ocrx_word' id='word_1_96' title='bbox 1238 1671 1348 1735; x_wconf 85' lang='lat' dir='ltr'><strong>afferre</strong></span> 
     </span>
     <span class='ocr_line' id='line_1_13' title="bbox 197 1773 1350 1862; baseline 0 -22"><span class='ocrx_word' id='word_1_97' title='bbox 197 1773 250 1859; x_wconf 87' lang='lat' dir='ltr'><strong>(cf.</strong></span> <span class='ocrx_word' id='word_1_98' title='bbox 266 1795 361 1859; x_wconf 88' lang='lat' dir='ltr'><strong>snpra</strong></span> <span class='ocrx_word' id='word_1_99' title='bbox 375 1796 404 1859; x_wconf 88' lang='lat' dir='ltr'><strong>p.</strong></span> <span class='ocrx_word' id='word_1_100' title='bbox 416 1775 475 1838; x_wconf 89' lang='lat' dir='ltr'><strong>Vll</strong></span> <span class='ocrx_word' id='word_1_101' title='bbox 486 1774 547 1862; x_wconf 83' lang='lat' dir='ltr'><strong>sq.)</strong></span> <span class='ocrx_word' id='word_1_102' title='bbox 561 1778 745 1859; x_wconf 90' lang='lat' dir='ltr'><strong>reputantes</strong></span> <span class='ocrx_word' id='word_1_103' title='bbox 757 1794 846 1853; x_wconf 86' lang='lat' dir='ltr'><strong>eum,</strong></span> <span class='ocrx_word' id='word_1_104' title='bbox 860 1793 940 1839; x_wconf 91' lang='lat' dir='ltr'><strong>cum</strong></span> <span class='ocrx_word' id='word_1_105' title='bbox 957 1778 1040 1840; x_wconf 86' lang='lat' dir='ltr'><strong>ante</strong></span> <span class='ocrx_word' id='word_1_106' title='bbox 1057 1776 1350 1860; x_wconf 76' lang='grc' dir='ltr'><strong>6666614136ρί-</strong></span> 
     </span>
     <span class='ocr_line' id='line_1_14' title="bbox 197 1878 1348 1962; baseline 0.003 -19"><span class='ocrx_word' id='word_1_107' title='bbox 197 1882 347 1944; x_wconf 87' lang='lat' dir='ltr'><strong>stulam</strong></span> <span class='ocrx_word' id='word_1_108' title='bbox 375 1880 488 1944; x_wconf 90' lang='lat' dir='ltr'><strong>illam</strong></span> <span class='ocrx_word' id='word_1_109' title='bbox 519 1880 703 1962; x_wconf 84' lang='lat' dir='ltr'><strong>scripsit,</strong></span> <span class='ocrx_word' id='word_1_110' title='bbox 732 1878 923 1943; x_wconf 91' lang='lat' dir='ltr'><strong>libellum</strong></span> <span class='ocrx_word' id='word_1_111' title='bbox 947 1879 1003 1944; x_wconf 87' lang='lat' dir='ltr'><strong>Dc</strong></span> <span class='ocrx_word' id='word_1_112' title='bbox 1028 1880 1110 1961; x_wconf 80' lang='lat' dir='ltr'><strong>fide</strong></span> <span class='ocrx_word' id='word_1_113' title='bbox 1136 1881 1175 1945; x_wconf 92' lang='lat' dir='ltr'><strong>in</strong></span> <span class='ocrx_word' id='word_1_114' title='bbox 1203 1881 1348 1946; x_wconf 89' lang='lat' dir='ltr'><strong>collec-</strong></span> 
     </span>
     <span class='ocr_line' id='line_1_15' title="bbox 196 1986 1346 2070; baseline -0.001 -19"><span class='ocrx_word' id='word_1_115' title='bbox 196 1987 308 2051; x_wconf 92' lang='lat' dir='ltr'><strong>tione</strong></span> <span class='ocrx_word' id='word_1_116' title='bbox 351 1986 581 2052; x_wconf 86' lang='lat' dir='ltr'><strong>orationum</strong></span> <span class='ocrx_word' id='word_1_117' title='bbox 620 1986 965 2070; x_wconf 89' lang='lat' dir='ltr'><strong>Gregorianarum</strong></span> <span class='ocrx_word' id='word_1_118' title='bbox 1007 1987 1229 2052; x_wconf 87' lang='lat' dir='ltr'><strong>Rufiniana</strong></span> <span class='ocrx_word' id='word_1_119' title='bbox 1270 1989 1346 2052; x_wconf 88' lang='lat' dir='ltr'><strong>iam</strong></span> 
     </span>
     <span class='ocr_line' id='line_1_16' title="bbox 196 2093 1353 2175; baseline 0.001 -18"><span class='ocrx_word' id='word_1_120' title='bbox 196 2094 410 2158; x_wconf 90' lang='lat' dir='ltr'><strong>inuenisse</strong></span> <span class='ocrx_word' id='word_1_121' title='bbox 429 2093 542 2157; x_wconf 87' lang='lat' dir='ltr'><strong>merito</strong></span> <span class='ocrx_word' id='word_1_122' title='bbox 563 2093 774 2175; x_wconf 87' lang='lat' dir='ltr'><strong>suspicemur,</strong></span> <span class='ocrx_word' id='word_1_123' title='bbox 794 2093 981 2174; x_wconf 89' lang='lat' dir='ltr'><strong>praesertim</strong></span> <span class='ocrx_word' id='word_1_124' title='bbox 1001 2112 1075 2158; x_wconf 91' lang='lat' dir='ltr'><strong>cum</strong></span> <span class='ocrx_word' id='word_1_125' title='bbox 1090 2093 1157 2158; x_wconf 89' lang='lat' dir='ltr'><strong>sine</strong></span> <span class='ocrx_word' id='word_1_126' title='bbox 1172 2094 1237 2157; x_wconf 87' lang='lat' dir='ltr'><strong>ulla</strong></span> <span class='ocrx_word' id='word_1_127' title='bbox 1253 2113 1353 2158; x_wconf 88' lang='lat' dir='ltr'><strong>causa</strong></span> 
     </span>
     <span class='ocr_line' id='line_1_17' title="bbox 199 2198 1351 2284; baseline 0.001 -21"><span class='ocrx_word' id='word_1_128' title='bbox 199 2201 345 2284; x_wconf 90' lang='lat' dir='ltr'><strong>grauiore</strong></span> <span class='ocrx_word' id='word_1_129' title='bbox 370 2199 533 2283; x_wconf 89' lang='lat' dir='ltr'><strong>scriptoris</strong></span> <span class='ocrx_word' id='word_1_130' title='bbox 557 2198 694 2264; x_wconf 90' lang='lat' dir='ltr'><strong>Latini</strong></span> <span class='ocrx_word' id='word_1_131' title='bbox 719 2198 866 2281; x_wconf 89' lang='lat' dir='ltr'><strong>quamuis</strong></span> <span class='ocrx_word' id='word_1_132' title='bbox 889 2198 1073 2283; x_wconf 90' lang='lat' dir='ltr'><strong>homonymi</strong></span> <span class='ocrx_word' id='word_1_133' title='bbox 1095 2200 1351 2265; x_wconf 79' lang='lat' dir='ltr'><strong>lucubrationem</strong></span> 
     </span>
     <span class='ocr_line' id='line_1_18' title="bbox 195 2305 1346 2390; baseline -0.001 -19"><span class='ocrx_word' id='word_1_134' title='bbox 195 2307 398 2371; x_wconf 86' lang='lat' dir='ltr'><strong>uendidatam</strong></span> <span class='ocrx_word' id='word_1_135' title='bbox 419 2325 489 2371; x_wconf 86' lang='lat' dir='ltr'><strong>esse</strong></span> <span class='ocrx_word' id='word_1_136' title='bbox 509 2326 564 2388; x_wconf 93' lang='lat' dir='ltr'><strong>pro</strong></span> <span class='ocrx_word' id='word_1_137' title='bbox 584 2305 842 2387; x_wconf 84' lang='lat' dir='ltr'><strong>interpretatione</strong></span> <span class='ocrx_word' id='word_1_138' title='bbox 863 2306 1049 2388; x_wconf 85' lang='lat' dir='ltr'><strong>exemplaris</strong></span> <span class='ocrx_word' id='word_1_139' title='bbox 1071 2305 1215 2371; x_wconf 88' lang='lat' dir='ltr'><strong>Graeci</strong></span> <span class='ocrx_word' id='word_1_140' title='bbox 1235 2326 1346 2390; x_wconf 91' lang='lat' dir='ltr'><strong>parum</strong></span> 
     </span>
     <span class='ocr_line' id='line_1_19' title="bbox 195 2411 1351 2494; baseline 0 -18"><span class='ocrx_word' id='word_1_141' title='bbox 195 2413 370 2478; x_wconf 84' lang='lat' dir='ltr'><strong>uerisimile</strong></span> <span class='ocrx_word' id='word_1_142' title='bbox 398 2413 441 2478; x_wconf 88' lang='lat' dir='ltr'><strong>sit</strong></span> <span class='ocrx_word' id='word_1_143' title='bbox 469 2415 501 2477; x_wconf 84' lang='lat' dir='ltr'><strong>et</strong></span> <span class='ocrx_word' id='word_1_144' title='bbox 523 2431 634 2477; x_wconf 89' lang='lat' dir='ltr'><strong>reuera</strong></span> <span class='ocrx_word' id='word_1_145' title='bbox 657 2412 689 2476; x_wconf 92' lang='lat' dir='ltr'><strong>in</strong></span> <span class='ocrx_word' id='word_1_146' title='bbox 713 2411 904 2494; x_wconf 88' lang='lat' dir='ltr'><strong>quibusdam</strong></span> <span class='ocrx_word' id='word_1_147' title='bbox 929 2412 1092 2477; x_wconf 89' lang='lat' dir='ltr'><strong>codicibus</strong></span> <span class='ocrx_word' id='word_1_148' title='bbox 1116 2415 1271 2478; x_wconf 86' lang='lat' dir='ltr'><strong>tractatus</strong></span> <span class='ocrx_word' id='word_1_149' title='bbox 1295 2411 1351 2476; x_wconf 83' lang='lat' dir='ltr'><strong>De</strong></span> 
     </span>
     <span class='ocr_line' id='line_1_20' title="bbox 186 2518 1255 2604; baseline 0 -20"><span class='ocrx_word' id='word_1_150' title='bbox 186 2520 254 2604; x_wconf 79' lang='lat' dir='ltr'><strong>fide</strong></span> <span class='ocrx_word' id='word_1_151' title='bbox 276 2522 357 2585; x_wconf 85' lang='lat' dir='ltr'><strong>inter</strong></span> <span class='ocrx_word' id='word_1_152' title='bbox 381 2521 538 2586; x_wconf 89' lang='lat' dir='ltr'><strong>orationes</strong></span> <span class='ocrx_word' id='word_1_153' title='bbox 563 2518 709 2604; x_wconf 81' lang='lat' dir='ltr'><strong>Gregorii</strong></span> <span class='ocrx_word' id='word_1_154' title='bbox 733 2539 751 2583; x_wconf 90' lang='lat' dir='ltr'><strong>a</strong></span> <span class='ocrx_word' id='word_1_155' title='bbox 774 2519 886 2584; x_wconf 87' lang='lat' dir='ltr'><strong>Rufino</strong></span> <span class='ocrx_word' id='word_1_156' title='bbox 911 2521 1080 2585; x_wconf 87' lang='lat' dir='ltr'><strong>translatas</strong></span> <span class='ocrx_word' id='word_1_157' title='bbox 1104 2520 1255 2584; x_wconf 86' lang='lat' dir='ltr'><strong>tradatur.</strong></span> 
     </span>
     <span class='ocr_line' id='line_1_21' title="bbox 241 2627 1348 2707; baseline -0.001 -15"><span class='ocrx_word' id='word_1_158' title='bbox 241 2627 329 2707; x_wconf 83' lang='lat' dir='ltr'><strong>Quae</strong></span> <span class='ocrx_word' id='word_1_159' title='bbox 358 2647 431 2693; x_wconf 91' lang='lat' dir='ltr'><strong>eum</strong></span> <span class='ocrx_word' id='word_1_160' title='bbox 453 2627 499 2692; x_wconf 87' lang='lat' dir='ltr'><strong>ita</strong></span> <span class='ocrx_word' id='word_1_161' title='bbox 522 2627 594 2706; x_wconf 83' lang='lat' dir='ltr'><strong>sint,</strong></span> <span class='ocrx_word' id='word_1_162' title='bbox 621 2627 685 2692; x_wconf 87' lang='lat' dir='ltr'><strong>iarn</strong></span> <span class='ocrx_word' id='word_1_163' title='bbox 710 2645 789 2692; x_wconf 91' lang='lat' dir='ltr'><strong>anno</strong></span> <span class='ocrx_word' id='word_1_164' title='bbox 814 2627 879 2690; x_wconf 87' lang='grc'><strong>413</strong></span> <span class='ocrx_word' id='word_1_165' title='bbox 904 2627 1011 2691; x_wconf 89' lang='lat' dir='ltr'><strong>Rufini</strong></span> <span class='ocrx_word' id='word_1_166' title='bbox 1035 2627 1207 2692; x_wconf 90' lang='lat' dir='ltr'><strong>editionem</strong></span> <span class='ocrx_word' id='word_1_167' title='bbox 1230 2647 1348 2693; x_wconf 91' lang='lat' dir='ltr'><strong>nonem</strong></span> 
     </span>
     <span class='ocr_line' id='line_1_22' title="bbox 196 2731 1350 2818; baseline -0.003 -18"><span class='ocrx_word' id='word_1_168' title='bbox 196 2736 372 2800; x_wconf 90' lang='lat' dir='ltr'><strong>orationum</strong></span> <span class='ocrx_word' id='word_1_169' title='bbox 398 2734 661 2818; x_wconf 88' lang='lat' dir='ltr'><strong>Gregorianarum</strong></span> <span class='ocrx_word' id='word_1_170' title='bbox 689 2737 829 2798; x_wconf 83' lang='lat' dir='ltr'><strong>tractatu</strong></span> <span class='ocrx_word' id='word_1_171' title='bbox 857 2731 908 2797; x_wconf 88' lang='lat' dir='ltr'><strong>Dc</strong></span> <span class='ocrx_word' id='word_1_172' title='bbox 927 2732 995 2817; x_wconf 78' lang='lat' dir='ltr'><strong>Jidc</strong></span> <span class='ocrx_word' id='word_1_173' title='bbox 1022 2737 1148 2799; x_wconf 88' lang='lat' dir='ltr'><strong>auctam</strong></span> <span class='ocrx_word' id='word_1_174' title='bbox 1176 2735 1230 2799; x_wconf 90' lang='lat' dir='ltr'><strong>uel</strong></span> <span class='ocrx_word' id='word_1_175' title='bbox 1252 2735 1350 2799; x_wconf 87' lang='lat' dir='ltr'><strong>inter-</strong></span> 
     </span>
     <span class='ocr_line' id='line_1_23' title="bbox 194 2840 1349 2924; baseline -0.003 -17"><span class='ocrx_word' id='word_1_176' title='bbox 194 2844 335 2924; x_wconf 90' lang='lat' dir='ltr'><strong>polatam</strong></span> <span class='ocrx_word' id='word_1_177' title='bbox 362 2843 464 2907; x_wconf 90' lang='lat' dir='ltr'><strong>fuisse</strong></span> <span class='ocrx_word' id='word_1_178' title='bbox 491 2842 572 2906; x_wconf 88' lang='lat' dir='ltr'><strong>mihi</strong></span> <span class='ocrx_word' id='word_1_179' title='bbox 598 2860 788 2924; x_wconf 87' lang='lat' dir='ltr'><strong>persuasum</strong></span> <span class='ocrx_word' id='word_1_180' title='bbox 812 2843 869 2906; x_wconf 88' lang='lat' dir='ltr'><strong>est.</strong></span> <span class='ocrx_word' id='word_1_181' title='bbox 900 2840 956 2906; x_wconf 87' lang='lat' dir='ltr'><strong>sed</strong></span> <span class='ocrx_word' id='word_1_182' title='bbox 980 2859 1054 2905; x_wconf 92' lang='lat' dir='ltr'><strong>cum</strong></span> <span class='ocrx_word' id='word_1_183' title='bbox 1078 2840 1116 2904; x_wconf 92' lang='lat' dir='ltr'><strong>de</strong></span> <span class='ocrx_word' id='word_1_184' title='bbox 1140 2860 1254 2905; x_wconf 92' lang='lat' dir='ltr'><strong>nouem</strong></span> <span class='ocrx_word' id='word_1_185' title='bbox 1280 2861 1349 2906; x_wconf 88' lang='lat' dir='ltr'><strong>ora-</strong></span> 
     </span>
     <span class='ocr_line' id='line_1_24' title="bbox 193 2947 1350 3026; baseline -0.001 -13"><span class='ocrx_word' id='word_1_186' title='bbox 193 2949 316 3013; x_wconf 87' lang='lat' dir='ltr'><strong>tionum</strong></span> <span class='ocrx_word' id='word_1_187' title='bbox 341 2949 478 3014; x_wconf 90' lang='lat' dir='ltr'><strong>editione</strong></span> <span class='ocrx_word' id='word_1_188' title='bbox 502 2948 599 3013; x_wconf 87' lang='lat' dir='ltr'><strong>uerba</strong></span> <span class='ocrx_word' id='word_1_189' title='bbox 617 2947 710 3026; x_wconf 85' lang='lat' dir='ltr'><strong>facio,</strong></span> <span class='ocrx_word' id='word_1_190' title='bbox 733 2947 831 3011; x_wconf 89' lang='lat' dir='ltr'><strong>talem</strong></span> <span class='ocrx_word' id='word_1_191' title='bbox 850 2947 1020 3012; x_wconf 90' lang='lat' dir='ltr'><strong>editionem</strong></span> <span class='ocrx_word' id='word_1_192' title='bbox 1041 2947 1166 3013; x_wconf 90' lang='lat' dir='ltr'><strong>omnino</strong></span> <span class='ocrx_word' id='word_1_193' title='bbox 1186 2947 1350 3012; x_wconf 80' lang='lat' dir='ltr'><strong>exstitisse</strong></span> 
     </span>
     <span class='ocr_line' id='line_1_25' title="bbox 196 3053 1351 3137; baseline -0.001 -18"><span class='ocrx_word' id='word_1_194' title='bbox 196 3055 408 3120; x_wconf 88' lang='lat' dir='ltr'><strong>demonstrare</strong></span> <span class='ocrx_word' id='word_1_195' title='bbox 441 3054 550 3120; x_wconf 88' lang='lat' dir='ltr'><strong>debeo.</strong></span> <span class='ocrx_word' id='word_1_196' title='bbox 584 3055 638 3137; x_wconf 91' lang='lat' dir='ltr'><strong>qui</strong></span> <span class='ocrx_word' id='word_1_197' title='bbox 672 3053 754 3118; x_wconf 91' lang='lat' dir='ltr'><strong>enirn</strong></span> <span class='ocrx_word' id='word_1_198' title='bbox 788 3053 826 3117; x_wconf 91' lang='lat' dir='ltr'><strong>de</strong></span> <span class='ocrx_word' id='word_1_199' title='bbox 858 3054 917 3117; x_wconf 90' lang='lat' dir='ltr'><strong>hae</strong></span> <span class='ocrx_word' id='word_1_200' title='bbox 950 3072 982 3117; x_wconf 90' lang='lat' dir='ltr'><strong>re</strong></span> <span class='ocrx_word' id='word_1_201' title='bbox 1011 3058 1043 3118; x_wconf 90' lang='lat' dir='ltr'><strong>et</strong></span> <span class='ocrx_word' id='word_1_202' title='bbox 1069 3053 1286 3119; x_wconf 87' lang='lat' dir='ltr'><strong>recentissime</strong></span> <span class='ocrx_word' id='word_1_203' title='bbox 1314 3057 1351 3119; x_wconf 85' lang='lat' dir='ltr'><strong>et</strong></span> 
     </span>
     <span class='ocr_line' id='line_1_26' title="bbox 195 3159 1347 3240; baseline 0 -15"><span class='ocrx_word' id='word_1_204' title='bbox 195 3161 387 3226; x_wconf 56' lang='lat' dir='ltr'><strong>doctissime*</strong></span> <span class='ocrx_word' id='word_1_205' title='bbox 408 3160 634 3234; x_wconf 90' lang='lat' dir='ltr'><strong>disseruerunt,</strong></span> <span class='ocrx_word' id='word_1_206' title='bbox 662 3161 700 3224; x_wconf 89' lang='lat' dir='ltr'><strong>A.</strong></span> <span class='ocrx_word' id='word_1_207' title='bbox 730 3159 881 3223; x_wconf 90' lang='lat' dir='ltr'><strong>Wilmart</strong></span> <span class='ocrx_word' id='word_1_208' title='bbox 909 3163 941 3222; x_wconf 92' lang='lat' dir='ltr'><strong>et</strong></span> <span class='ocrx_word' id='word_1_209' title='bbox 964 3160 1004 3226; x_wconf 92' lang='lat' dir='ltr'><strong>H.</strong></span> <span class='ocrx_word' id='word_1_210' title='bbox 1034 3160 1169 3240; x_wconf 87' lang='lat' dir='ltr'><strong>Brewer,</strong></span> <span class='ocrx_word' id='word_1_211' title='bbox 1198 3162 1237 3225; x_wconf 90' lang='lat' dir='ltr'><strong>ad</strong></span> <span class='ocrx_word' id='word_1_212' title='bbox 1264 3161 1347 3225; x_wconf 89' lang='lat' dir='ltr'><strong>hane</strong></span> 
     </span>
     <span class='ocr_line' id='line_1_27' title="bbox 194 3265 1341 3350; baseline -0.001 -18"><span class='ocrx_word' id='word_1_213' title='bbox 194 3269 346 3332; x_wconf 88' lang='lat' dir='ltr'><strong>inclinant</strong></span> <span class='ocrx_word' id='word_1_214' title='bbox 378 3267 577 3343; x_wconf 88' lang='lat' dir='ltr'><strong>sententiam,</strong></span> <span class='ocrx_word' id='word_1_215' title='bbox 612 3268 648 3330; x_wconf 91' lang='lat' dir='ltr'><strong>ut</strong></span> <span class='ocrx_word' id='word_1_216' title='bbox 679 3265 734 3330; x_wconf 93' lang='lat' dir='ltr'><strong>ille</strong></span> <span class='ocrx_word' id='word_1_217' title='bbox 768 3267 915 3348; x_wconf 91' lang='lat' dir='ltr'><strong>quamuis</strong></span> <span class='ocrx_word' id='word_1_218' title='bbox 949 3266 1162 3350; x_wconf 62' lang='lat' dir='ltr'><strong>ariolantur)</strong></span> <span class='ocrx_word' id='word_1_219' title='bbox 1191 3267 1341 3333; x_wconf 92' lang='lat' dir='ltr'><strong>Rufinum</strong></span> 
     </span>
     <span class='ocr_line' id='line_1_28' title="bbox 193 3371 1346 3458; baseline -0.001 -20"><span class='ocrx_word' id='word_1_220' title='bbox 193 3375 301 3458; x_wconf 87' lang='lat' dir='ltr'><strong>ipsum</strong></span> <span class='ocrx_word' id='word_1_221' title='bbox 333 3374 522 3455; x_wconf 90' lang='lat' dir='ltr'><strong>opusculum</strong></span> <span class='ocrx_word' id='word_1_222' title='bbox 557 3371 702 3456; x_wconf 83' lang='lat' dir='ltr'><strong>Gregorii</strong></span> <span class='ocrx_word' id='word_1_223' title='bbox 733 3372 921 3436; x_wconf 82' lang='lat' dir='ltr'><strong>Illiberitani</strong></span> <span class='ocrx_word' id='word_1_224' title='bbox 954 3373 1133 3438; x_wconf 87' lang='lat' dir='ltr'><strong>collectioni</strong></span> <span class='ocrx_word' id='word_1_225' title='bbox 1166 3374 1346 3438; x_wconf 89' lang='lat' dir='ltr'><strong>orationum</strong></span> 
     </span>
     <span class='ocr_line' id='line_1_29' title="bbox 194 3478 1347 3566; baseline -0.003 -19"><span class='ocrx_word' id='word_1_226' title='bbox 194 3481 338 3566; x_wconf 90' lang='lat' dir='ltr'><strong>Gregorii</strong></span> <span class='ocrx_word' id='word_1_227' title='bbox 348 3481 378 3546; x_wconf 90' lang='lat' dir='ltr'>N</span> <span class='ocrx_word' id='word_1_228' title='bbox 380 3481 538 3546; x_wconf 86' lang='lat' dir='ltr'><strong>auianueni</strong></span> <span class='ocrx_word' id='word_1_229' title='bbox 549 3478 708 3544; x_wconf 88' lang='lat' dir='ltr'><strong>addidisse</strong></span> <span class='ocrx_word' id='word_1_230' title='bbox 724 3480 777 3543; x_wconf 92' lang='lat' dir='ltr'><strong>uel</strong></span> <span class='ocrx_word' id='word_1_231' title='bbox 787 3479 894 3561; x_wconf 87' lang='lat' dir='ltr'><strong>potius</strong></span> <span class='ocrx_word' id='word_1_232' title='bbox 905 3480 1089 3560; x_wconf 83' lang='lat' dir='ltr'><strong>inseruisse,</strong></span> <span class='ocrx_word' id='word_1_233' title='bbox 1100 3479 1184 3566; x_wconf 78' lang='lat' dir='ltr'><strong>hic³)</strong></span> <span class='ocrx_word' id='word_1_234' title='bbox 1195 3481 1347 3546; x_wconf 88' lang='lat' dir='ltr'><strong>Rufinum</strong></span> 
     </span>
     <span class='ocr_line' id='line_1_30' title="bbox 194 3585 1348 3672; baseline -0.002 -18"><span class='ocrx_word' id='word_1_235' title='bbox 194 3609 287 3654; x_wconf 91' lang='lat' dir='ltr'><strong>suum</strong></span> <span class='ocrx_word' id='word_1_236' title='bbox 315 3589 416 3672; x_wconf 88' lang='lat' dir='ltr'><strong>ipsine</strong></span> <span class='ocrx_word' id='word_1_237' title='bbox 446 3588 637 3670; x_wconf 91' lang='lat' dir='ltr'><strong>opuseulum</strong></span> <span class='ocrx_word' id='word_1_238' title='bbox 667 3587 862 3652; x_wconf 88' lang='lat' dir='ltr'><strong>orationibus</strong></span> <span class='ocrx_word' id='word_1_239' title='bbox 888 3607 903 3651; x_wconf 90' lang='lat' dir='ltr'><strong>e</strong></span> <span class='ocrx_word' id='word_1_240' title='bbox 928 3585 1048 3652; x_wconf 87' lang='lat' dir='ltr'><strong>Graeco</strong></span> <span class='ocrx_word' id='word_1_241' title='bbox 1078 3607 1222 3652; x_wconf 90' lang='lat' dir='ltr'><strong>sermone</strong></span> <span class='ocrx_word' id='word_1_242' title='bbox 1246 3591 1348 3652; x_wconf 83' lang='lat' dir='ltr'><strong>trans·</strong></span> 
     </span>
    </p>
   </div>
   <div class='ocr_carea' id='block_1_3' title="bbox 192 3814 1351 4332">
    <p class='ocr_par' dir='ltr' id='par_1_3' title="bbox 194 3814 1351 3973">
     <span class='ocr_line' id='line_1_31' title="bbox 237 3814 1351 3884; baseline 0 -14"><span class='ocrx_word' id='word_1_243' title='bbox 237 3816 258 3883; x_wconf 87' lang='grc'><strong>1)</strong></span> <span class='ocrx_word' id='word_1_244' title='bbox 278 3816 320 3872; x_wconf 81' lang='lat' dir='ltr'><strong>Cf.</strong></span> <span class='ocrx_word' id='word_1_245' title='bbox 338 3816 370 3870; x_wconf 83' lang='lat' dir='ltr'><strong>A.</strong></span> <span class='ocrx_word' id='word_1_246' title='bbox 390 3815 495 3882; x_wconf 76' lang='lat' dir='ltr'><strong>Sontes,</strong></span> <span class='ocrx_word' id='word_1_247' title='bbox 514 3817 541 3869; x_wconf 79' lang='lat' dir='ltr'><strong><em>A</em></strong></span> <span class='ocrx_word' id='word_1_248' title='bbox 555 3814 638 3884; x_wconf 74' lang='lat' dir='ltr'><strong>etudp</strong></span> <span class='ocrx_word' id='word_1_249' title='bbox 656 3816 690 3882; x_wconf 85' lang='lat' dir='ltr'><strong>of</strong></span> <span class='ocrx_word' id='word_1_250' title='bbox 704 3815 909 3869; x_wconf 78' lang='lat' dir='ltr'><strong>Ambrosiasler</strong></span> <span class='ocrx_word' id='word_1_251' title='bbox 927 3816 1025 3882; x_wconf 80' lang='lat' dir='ltr'><strong>(Texta</strong></span> <span class='ocrx_word' id='word_1_252' title='bbox 1044 3815 1104 3869; x_wconf 80' lang='lat' dir='ltr'><strong>aad</strong></span> <span class='ocrx_word' id='word_1_253' title='bbox 1117 3816 1231 3871; x_wconf 74' lang='lat' dir='ltr'><strong>Stadios</strong></span> <span class='ocrx_word' id='word_1_254' title='bbox 1252 3817 1351 3884; x_wconf 73' lang='grc'><strong>1114),</strong></span> 
     </span>
     <span class='ocr_line' id='line_1_32' title="bbox 194 3903 522 3973; baseline -0.012 -14"><span class='ocrx_word' id='word_1_255' title='bbox 194 3906 262 3959; x_wconf 82' lang='lat'>1905</span> <span class='ocrx_word' id='word_1_256' title='bbox 282 3924 307 3973; x_wconf 89' lang='lat' dir='ltr'><strong>p.</strong></span> <span class='ocrx_word' id='word_1_257' title='bbox 327 3907 352 3959; x_wconf 90' lang='lat'><strong>3.</strong></span> <span class='ocrx_word' id='word_1_258' title='bbox 373 3903 522 3957; x_wconf 83' lang='lat'>161-185.</span> 
     </span>
    </p>

    <p class='ocr_par' dir='ltr' id='par_1_4' title="bbox 192 3992 1347 4332">
     <span class='ocr_line' id='line_1_33' title="bbox 237 3992 1347 4062; baseline -0.002 -13"><span class='ocrx_word' id='word_1_259' title='bbox 237 3994 257 4062; x_wconf 84' lang='lat'><strong>²)</strong></span> <span class='ocrx_word' id='word_1_260' title='bbox 280 3996 327 4049; x_wconf 84' lang='lat' dir='ltr'><strong>La</strong></span> <span class='ocrx_word' id='word_1_261' title='bbox 350 3993 487 4048; x_wconf 79' lang='lat' dir='ltr'><strong>tradition</strong></span> <span class='ocrx_word' id='word_1_262' title='bbox 511 3993 557 4045; x_wconf 80' lang='lat' dir='ltr'><strong>dee</strong></span> <span class='ocrx_word' id='word_1_263' title='bbox 580 3992 722 4060; x_wconf 81' lang='lat' dir='ltr'><strong>opuecclcc</strong></span> <span class='ocrx_word' id='word_1_264' title='bbox 740 3996 792 4046; x_wconf 87' lang='lat' dir='ltr'><strong>etc.</strong></span> <span class='ocrx_word' id='word_1_265' title='bbox 812 4011 838 4061; x_wconf 88' lang='lat' dir='ltr'><strong>p.</strong></span> <span class='ocrx_word' id='word_1_266' title='bbox 862 3994 895 4046; x_wconf 82' lang='lat'><strong>23</strong></span> <span class='ocrx_word' id='word_1_267' title='bbox 915 4009 969 4062; x_wconf 89' lang='lat' dir='ltr'><strong>sq.:</strong></span> <span class='ocrx_word' id='word_1_268' title='bbox 992 3992 1108 4047; x_wconf 76' lang='lat' dir='ltr'><strong>Facti-il</strong></span> <span class='ocrx_word' id='word_1_269' title='bbox 1132 3994 1202 4047; x_wconf 85' lang='lat' dir='ltr'><strong>aller</strong></span> <span class='ocrx_word' id='word_1_270' title='bbox 1223 3994 1298 4062; x_wconf 80' lang='lat' dir='ltr'><strong>jusq&#39;</strong></span> <span class='ocrx_word' id='word_1_271' title='bbox 1325 3993 1347 4046; x_wconf 79' lang='lat' dir='ltr'><strong>d</strong></span> 
     </span>
     <span class='ocr_line' id='line_1_34' title="bbox 193 4079 1344 4154; baseline -0.002 -16"><span class='ocrx_word' id='word_1_272' title='bbox 193 4085 324 4139; x_wconf 75' lang='lat' dir='ltr'><strong>adnectere</strong></span> <span class='ocrx_word' id='word_1_273' title='bbox 337 4101 388 4154; x_wconf 80' lang='lat' dir='ltr'><strong>quc</strong></span> <span class='ocrx_word' id='word_1_274' title='bbox 401 4081 489 4151; x_wconf 77' lang='lat' dir='ltr'><strong>Rufio</strong></span> <span class='ocrx_word' id='word_1_275' title='bbox 504 4079 640 4136; x_wconf 70' lang='lat' dir='ltr'><strong>lui-mima</strong></span> <span class='ocrx_word' id='word_1_276' title='bbox 654 4081 683 4150; x_wconf 80' lang='lat'><strong>(†</strong></span> <span class='ocrx_word' id='word_1_277' title='bbox 697 4081 760 4149; x_wconf 65' lang='lat'><strong>410)</strong></span> <span class='ocrx_word' id='word_1_278' title='bbox 777 4099 794 4134; x_wconf 89' lang='lat' dir='ltr'><strong>a</strong></span> <span class='ocrx_word' id='word_1_279' title='bbox 804 4082 939 4149; x_wconf 71' lang='lat' dir='ltr'><strong>prolique</strong></span> <span class='ocrx_word' id='word_1_280' title='bbox 955 4081 1194 4150; x_wconf 77' lang='lat' dir='ltr'><strong>l&#39;r&#39;cterpolatc&#39;orc?</strong></span> <span class='ocrx_word' id='word_1_281' title='bbox 1214 4101 1241 4137; x_wconf 88' lang='lat' dir='ltr'><strong>cc</strong></span> <span class='ocrx_word' id='word_1_282' title='bbox 1258 4083 1344 4136; x_wconf 82' lang='lat' dir='ltr'><strong>serait</strong></span> 
     </span>
     <span class='ocr_line' id='line_1_35' title="bbox 192 4169 1345 4240; baseline -0.002 -13"><span class='ocrx_word' id='word_1_283' title='bbox 192 4191 267 4228; x_wconf 73' lang='lat' dir='ltr'><strong>casea</strong></span> <span class='ocrx_word' id='word_1_284' title='bbox 285 4177 333 4229; x_wconf 76' lang='lat'><strong>0⁸6</strong></span> <span class='ocrx_word' id='word_1_285' title='bbox 348 4175 523 4239; x_wconf 65' lang='lat' dir='ltr'><strong>asserentem,</strong></span> <span class='ocrx_word' id='word_1_286' title='bbox 541 4169 614 4223; x_wconf 79' lang='lat' dir='ltr'><strong>mats</strong></span> <span class='ocrx_word' id='word_1_287' title='bbox 632 4185 726 4224; x_wconf 82' lang='lat' dir='ltr'><strong>encore</strong></span> <span class='ocrx_word' id='word_1_288' title='bbox 746 4171 775 4223; x_wconf 87' lang='lat' dir='ltr'><strong>lo</strong></span> <span class='ocrx_word' id='word_1_289' title='bbox 793 4169 914 4223; x_wconf 75' lang='lat' dir='ltr'><strong>nranicre</strong></span> <span class='ocrx_word' id='word_1_290' title='bbox 933 4170 1001 4224; x_wconf 80' lang='lat' dir='ltr'><strong>dont</strong></span> <span class='ocrx_word' id='word_1_291' title='bbox 1019 4171 1041 4224; x_wconf 82' lang='lat' dir='ltr'><strong>il</strong></span> <span class='ocrx_word' id='word_1_292' title='bbox 1058 4187 1086 4224; x_wconf 80' lang='lat' dir='ltr'><strong>ee</strong></span> <span class='ocrx_word' id='word_1_293' title='bbox 1099 4173 1186 4240; x_wconf 50' lang='lat' dir='ltr'><strong>rescire</strong></span> <span class='ocrx_word' id='word_1_294' title='bbox 1201 4171 1218 4224; x_wconf 82' lang='grc' dir='ltr'><strong>ἀ</strong></span> <span class='ocrx_word' id='word_1_295' title='bbox 1232 4188 1264 4226; x_wconf 81' lang='lat' dir='ltr'><strong>sa</strong></span> <span class='ocrx_word' id='word_1_296' title='bbox 1284 4178 1345 4226; x_wconf 81' lang='lat' dir='ltr'><strong>trc-</strong></span> 
     </span>
     <span class='ocr_line' id='line_1_36' title="bbox 192 4260 682 4332; baseline -0.008 -18"><span class='ocrx_word' id='word_1_297' title='bbox 192 4261 305 4316; x_wconf 81' lang='lat' dir='ltr'><strong>dcctioc</strong></span> <span class='ocrx_word' id='word_1_298' title='bbox 323 4265 371 4332; x_wconf 74' lang='lat' dir='ltr'><strong>rc&#39;p</strong></span> <span class='ocrx_word' id='word_1_299' title='bbox 390 4260 524 4316; x_wconf 74' lang='lat' dir='ltr'><strong>contradit</strong></span> <span class='ocrx_word' id='word_1_300' title='bbox 539 4275 595 4326; x_wconf 83' lang='lat' dir='ltr'><strong>pas</strong></span> <span class='ocrx_word' id='word_1_301' title='bbox 614 4263 682 4326; x_wconf 89' lang='lat' dir='ltr'><strong>etqs.</strong></span> 
     </span>
    </p>
   </div>
   <div class='ocr_carea' id='block_1_4' title="bbox 238 4351 555 4422">
    <p class='ocr_par' dir='ltr' id='par_1_5' title="bbox 238 4351 555 4422">
     <span class='ocr_line' id='line_1_37' title="bbox 238 4351 555 4422; baseline -0.013 -16"><span class='ocrx_word' id='word_1_302' title='bbox 238 4353 258 4422; x_wconf 79' lang='lat'><strong>³)</strong></span> <span class='ocrx_word' id='word_1_303' title='bbox 278 4352 307 4406; x_wconf 85' lang='lat' dir='ltr'><strong>n.</strong></span> <span class='ocrx_word' id='word_1_304' title='bbox 326 4352 346 4408; x_wconf 90' lang='lat'><strong>1.</strong></span> <span class='ocrx_word' id='word_1_305' title='bbox 365 4370 391 4421; x_wconf 77' lang='lat' dir='ltr'><strong>p.</strong></span> <span class='ocrx_word' id='word_1_306' title='bbox 412 4351 472 4405; x_wconf 86' lang='lat' dir='ltr'><strong>rec.</strong></span> <span class='ocrx_word' id='word_1_307' title='bbox 496 4351 555 4404; x_wconf 84' lang='lat' dir='ltr'><strong>me.</strong></span> 
     </span>
    </p>
   </div>
   <div class='ocr_carea' id='block_1_5' title="bbox 0 0 1606 4996">
    <p class='ocr_par' dir='ltr' id='par_1_6' title="bbox 0 0 1606 4996">
     <span class='ocr_line' id='line_1_38' title="bbox 0 0 1606 4996; baseline 0 1"><span class='ocrx_word' id='word_1_308' title='bbox 0 0 1606 4996; x_wconf 95' lang='lat' dir='ltr'><strong> </strong></span> 
     </span>
    </p>
   </div>
  </div>
 </body>
</html>
