3204 4996
640 425 934 495 Prolegomena.
1205 431 1207 437 ’
1286 427 1365 496 XXI

209 621 299 684 hoec
328 622 564 702 sanctificentur
596 641 697 701 oqooe
729 620 880 685 Iordanis
913 621 1036 685 collatis
1070 619 1200 686 Graecis
1233 624 1294 705 πρὸ
1327 621 1362 684 δὲ

210 728 403 793 cobaerescit
426 729 477 791 διὰ
500 729 627 804 τούτους
649 730 702 792 τὸν
724 726 894 812 Ἰορδάνην,
917 726 973 791 ubi
996 729 1168 810 utrumque
1191 739 1363 811 pronomen

212 835 250 899 ad
274 837 381 900 Iesum
404 839 437 900 et
459 835 631 900 Iohannem
654 835 854 899 referendum
884 853 954 900 esse
982 835 1117 900 sortasse
1145 854 1183 899 ne
1206 835 1370 900 intellexit

212 941 338 1023 quidem
361 941 525 1024 interpres,
554 939 713 1004 mentione
742 939 874 1023 dignum
904 942 953 1004 est
975 938 1136 1017 Rufinum,
1164 938 1221 1004 ubi
1245 960 1262 1004 a
1287 939 1363 1006 Gre-

212 1045 293 1130 gorii
332 1046 490 1111 sentcntie
523 1045 683 1124 dissentit,
717 1044 845 1110 diuerso
873 1045 966 1127 plane
993 1044 1087 1110 modo
1118 1045 1156 1110 de
1189 1045 1298 1110 eadem
1331 1065 1371 1111 re*

213 1171 317 1237 agere.
343 1152 435 1216 uelut
456 1171 488 1234 p.
515 1153 588 1230 134,
613 1152 633 1214 4
656 1150 689 1215 id
713 1151 798 1233 quod
822 1150 1003 1215 obiciebant
1029 1150 1194 1217 baeretici:
1218 1151 1274 1216 sed
1290 1157 1369 1232 post

212 1260 370 1340 baptismo
387 1259 533 1339 peccanti
556 1277 619 1322 oca
642 1262 686 1321 cst
708 1257 805 1321 uenia
822 1257 964 1341 longiore
984 1257 1202 1339 explanatione
1225 1258 1367 1323 refutare·

212 1365 348 1444 studuit,
374 1367 459 1447 quod
478 1383 589 1448 perum
608 1363 737 1429 definite
756 1364 915 1446 nimisque
935 1363 1083 1447 ambigue
1104 1363 1276 1447 Gregorius
1295 1384 1363 1428 rem

211 1473 371 1556 tetigerat,
395 1491 455 1536 non
481 1471 663 1535 absolueret
686 1471 807 1535 uerbis:
831 1470 875 1545 τίς
897 1471 917 1556 ἡ
940 1469 1108 1552 ἀπόδειξιςς
1126 1472 1146 1555 ἡ
1165 1469 1264 1547 δεῖξον
1282 1474 1302 1557 ἡ
1321 1474 1362 1556 μὴ

211 1579 387 1662 cordapsos.
412 1577 438 1640 εἰ
460 1577 496 1640 δὲ
518 1576 700 1662 ἀμφίβολον,
724 1571 843 1640 aradaei
861 1579 897 1640 cb
921 1576 1153 1661 φιλάνθρωπον.
1181 1577 1267 1641 haud
1294 1597 1362 1642 raro

213 1686 330 1750 additis
354 1683 433 1750 locis
456 1683 584 1748 biblicis
608 1684 763 1765 interpres
788 1683 934 1767 Gregorii
956 1684 1063 1758 uerba,
1084 1703 1163 1766 quae
1182 1683 1276 1747 nimis
1295 1684 1364 1748 brc-

212 1795 295 1857 uiter
315 1791 401 1856 dicte
419 1789 540 1873 aliquid
559 1790 741 1855 offensionis
762 1790 877 1854 habere
896 1793 1052 1873 poterant,
1073 1790 1252 1873 explicauit,
1273 1791 1366 1854 uelut

215 1901 289 1977 130,
315 1901 348 1962 9:
378 1895 455 1961 deus
482 1901 536 1976 est,
564 1896 678 1979 inquit,
709 1899 763 1976 qui
786 1896 935 1977 baptizet,
959 1893 1114 1977 ot'pcssc't
1137 1898 1243 1977 etqui
1266 1897 1364 1976 depti-

211 2010 304 2069 zotor
318 2005 395 2088 steri
417 2003 502 2068 dces,
525 2001 708 2082 quotquot
731 2003 813 2066 euim
837 2023 915 2067 coac
937 2007 1168 2084 receperant,
1189 2002 1291 2067 dedit
1309 2005 1365 2067 etc

205 2114 432 2194 potestatem
458 2109 568 2190 filies
595 2110 655 2173 dcc'
674 2109 781 2192 fieri,
806 2111 869 2191 qui
896 2130 970 2173 oca
998 2131 1040 2174 ec
1063 2109 1261 2173 uoluntate
1282 2110 1364 2172 oiri

155 2299 160 2306 Α
211 2238 327 2300 oeque
354 2238 397 2280 ex
423 2216 621 2280 uoluntate
649 2217 786 2291 cornis,
816 2215 878 2280 sed
906 2237 948 2279 cc
970 2215 1034 2280 deo
1062 2217 1144 2280 noti
1172 2220 1261 2281 sont
1284 2217 1364 2298 (Ich.

213 2328 243 2403 1,
270 2325 424 2403 12-13),
448 2322 622 2406 Gregorius
647 2326 753 2388 autem
788 2323 971 2388 obscurius:
1004 2332 1070 2398 πῶς
1103 2325 1139 2386 οὐ
1172 2323 1249 2399 θεὸς
1282 2323 1363 2408 (scii.

213 2431 375 2520 βαπτίζει),
398 2431 447 2496 ἵνα
469 2449 497 2494 τι
520 2427 761 2514 παραθαρρήοω
786 2428 903 2514 μικρὸν,
923 2427 955 2506 ἐξ
979 2432 1015 2492 οὗ
1039 2432 1092 2492 καὶ
1117 2433 1155 2494 σὺ
1179 2429 1247 2514 γίνῃ
1272 2429 1363 2511 θεὸς

211 2542 298 2604 locos
323 2558 339 2603 e
364 2538 522 2620 scriptura
546 2555 635 2601 sacra
658 2537 696 2600 de
721 2556 779 2602 suo
805 2536 895 2601 affert
912 2536 1046 2602 Rufinus
1072 2537 1167 2601 etiem
1186 2557 1216 2620 p.
1238 2538 1313 2614 147,
1335 2538 1363 2600 1.

214 2648 264 2710 12.
290 2647 365 2727 155,
391 2646 432 2708 25
458 2641 497 2710 al.

256 2752 379 2829 Restat,
408 2754 446 2817 ut
473 2750 512 2815 de
541 2749 732 2832 quibusdam
761 2729 841 2815 iocis
869 2768 971 2832 pauca
999 2749 1169 2832 seperatim
1199 2749 1363 2827 disseram,

103 2891 104 2896 ¹
209 2881 249 2926 ne
278 2861 452 2942 scripturae
483 2877 589 2924 sacrae
617 2857 755 2922 studiosi
782 2856 815 2920 in
844 2875 978 2920 errorem
1009 2855 1206 2920 inducentur.
1240 2857 1360 2939 primus

212 2967 297 3032 enim
324 2967 415 3032 locus
444 2966 476 3030 in
506 2965 699 3030 editionibus
725 2963 871 3046 Gregorii
896 2961 1026 3027 Graecis
1055 2966 1087 3026 et
1113 2962 1145 3026 in
1169 2966 1277 3027 nostra
1301 2962 1364 3027 edi·
1437 3027 1445 3044 ,

210 3073 297 3139 tione
328 3073 375 3138 ita
406 3073 583 3156 impressus
616 3071 745 3155 legitur,
780 3069 871 3151 quasi
904 3068 942 3134 de
975 3069 1111 3153 genuino
1145 3071 1233 3133 tertu
1266 3068 1363 3133 trium

209 3180 354 3245 locorum
382 3179 558 3262 scripturae
587 3192 693 3241 sacrae
722 3178 844 3260 agetur.
873 3175 957 3258 quod
985 3194 1037 3240 res
1066 3175 1159 3240 aliter
1192 3189 1225 3240 se
1258 3175 1364 3250 babet,

210 3287 313 3370 primo
338 3286 433 3350 uerba
458 3283 580 3350 Graeca
603 3286 635 3348 et
657 3283 770 3348 Latine
793 3283 853 3348 sub
878 3301 942 3347 unc
967 3285 1141 3366 conspectu
1164 3301 1288 3364 ponam.

272 3479 480 3565 Gregorius
501 3475 559 3564 (or.
579 3479 610 3541 II
632 3475 724 3563 113):
876 3477 1037 3542 Rufinus
1062 3477 1103 3557 (p.
1126 3477 1273 3556 80,19):

256 3604 363 3692 Φόβος
377 3608 438 3690 γὰρ
454 3607 495 3689 μὴ
510 3603 601 3668 τοῦτό
616 3624 654 3687 γε
668 3604 765 3666 ἀκού·
858 3603 942 3683 Quia
957 3603 1184 3679 tramoserica,
1203 3619 1242 3662 ree
1261 3603 1290 3662 et
1302 3619 1365 3679 pro

213 3734 325 3798 σωμεν,
352 3715 421 3795 περὶ
453 3713 496 3775 ὢν
528 3711 765 3794 successtiones,
810 3709 868 3786 bic,
883 3708 1040 3788 qoiaobis
1055 3704 1262 3782 credidisset,
1282 3705 1365 3769 illud

212 3821 340 3894 ὅτιτὰς
359 3820 479 3902 ψυχὰς
498 3819 616 3880 αὐτῶν
635 3817 766 3880 ἐκτῶν
812 3813 925 3878 audire
958 3833 1078 3877 accense
1110 3813 1168 3877 stc:
1199 3813 1365 3875 antinoon

212 3934 346 4009 χειρῶν
370 3927 468 4009 ὑμῶν
497 3922 689 4008 ἐκζητήσω
713 3925 766 3985 καὶ
813 3924 979 4002 ipsorum
1007 3923 1206 4002 exquiram
1230 3918 1272 3983 dc
1295 3939 1365 3982 rao-

212 4032 342 4108 καθὼς
379 4030 588 4096 dedicandi
625 4051 667 4115 με
702 4038 766 4094 τοῦ
798 4027 1364 4106 ‘nidusuestris,et:cc‘ccctsprc·

213 4141 307 4204 εῖνοιι
347 4139 397 4214 εἰς
435 4137 666 4223 ἡγουμένους
701 4146 765 4201 τοῦ
810 4135 927 4200 cristis
950 4156 1010 4216 rae,
1033 4153 1077 4197 ne
1102 4136 1234 4197 essetis
1257 4133 1367 4197 dccces

213 4246 305 4310 λαοῦ
324 4268 393 4330 μου
412 4247 474 4309 καὶ
498 4249 691 4329 ἄρχοντας,
711 4247 764 4307 cb·
811 4261 853 4306 oc
884 4242 1085 4323 priace'pes
1117 4239 1253 4321 popuii
1285 4241 1365 4310 ecci,

213 4352 769 4438 τωκάγὼάπὼοομαιὺμᾶςτοῦ
815 4351 872 4413 ito
896 4353 926 4413 et
950 4369 1010 4432 egro
1034 4367 1208 4429 sparorum
1230 4365 1304 4421 occ,
1324 4361 1367 4408 oe
