3258 4980
799 1059 854 1125 m.

681 1201 735 1266 us
759 1159 972 1266 ancianis.

299 1343 326 1406 1.
346 1342 394 1406 Ad
413 1361 467 1408 eos
487 1343 541 1424 qui
560 1342 591 1406 iu
611 1362 754 1408 sermone
774 1343 890 1408 callent
908 1363 1010 1408 sermo
1030 1343 1121 1409 uobis
1136 1347 1185 1408 est
1198 1349 1231 1408 et
1247 1343 1284 1408 de
1302 1346 1400 1427 scrip-

252 1449 333 1514 turis
353 1448 512 1532 incipiam.
532 1467 623 1514 ecce
643 1467 713 1534 ego
734 1449 779 1514 ad
798 1452 846 1528 te,
865 1449 980 1533 inquit,
996 1451 1304 1526 contumelioso.
1325 1456 1400 1518 sunt

218 1575 234 1617 a
254 1555 369 1634 etenim
389 1554 516 1636 quidam
536 1555 664 1620 cunibus
683 1557 861 1638 prurientes
882 1559 914 1621 et
931 1557 1129 1640 lingoniam
1143 1573 1229 1636 uero,
1244 1560 1282 1621 ut
1295 1557 1399 1634 uideo,

252 1660 350 1726 etiam
372 1679 479 1736 manu,
504 1662 558 1743 qui
581 1661 718 1743 profanis
743 1681 858 1728 uocum
882 1663 1081 1728 nouitatibus
1105 1666 1136 1728 et
1160 1664 1400 1746 quaestionibus

253 1769 349 1849 atque
373 1766 605 1832 obiectionibus
632 1768 731 1834 falsae
755 1768 907 1834 scientiae
929 1769 1100 1833 uerborum
1124 1769 1310 1853 pugnasset
1333 1770 1401 1834 nul-

253 1875 317 1937 lam
341 1872 515 1938 utilitatem
539 1879 676 1940 mouent.
699 1875 744 1939 itu
768 1875 883 1940 etenim
907 1876 1049 1940 nominat
1066 1875 1186 1939 Paulus
1207 1895 1297 1941 omne
1317 1875 1400 1958 quod

254 1980 285 2044 in
311 1978 417 2044 uerbis
441 1980 638 2062 superfluum
662 1984 711 2046 est
733 1990 766 2046 et
785 1981 957 2060 curiosum,
977 1981 1052 2065 quin
1068 1981 1138 2064 ipse
1156 1982 1247 2046 uerbi
1265 1983 1401 2048 breuiati

209 2110 236 2154 ιο
254 2086 452 2169 praedicator
479 2091 529 2152 est
557 2091 588 2152 et
615 2088 767 2155 adsertor.
790 2087 845 2152 isti
870 2107 956 2173 ergo,
981 2089 1019 2154 de
1043 2088 1159 2171 quibus
1183 2107 1286 2155 sermo
1309 2090 1401 2154 nobis
1428 2095 1444 2144 2

255 2197 316 2271 est,
336 2197 368 2258 et
391 2195 525 2260 maxime
545 2193 676 2272 Arriani,
696 2195 817 2260 utinam
838 2194 977 2276 qaudam,
997 2195 1082 2260 siout
1099 2196 1240 2279 linguam
1261 2201 1292 2260 et
1310 2198 1400 2262 uolu-

254 2299 353 2363 bilem
375 2300 493 2366 habent
515 2305 547 2364 et
569 2301 802 2380 uehementem,
821 2301 867 2366 ita
885 2301 981 2368 etiam
999 2301 1107 2366 uerbis
1125 2303 1219 2366 rectis
1238 2305 1272 2366 et
1288 2302 1400 2386 proba-

254 2405 373 2472 bilibus
392 2411 557 2474 uterentur
571 2412 603 2472 et
616 2409 850 2491 aliquantulum
865 2409 962 2473 etiam
977 2408 1059 2473 circa
1073 2426 1167 2491 opera
1180 2407 1400 2474 mandatorum

256 2511 305 2576 dei
330 2516 491 2580 uacarent!
516 2513 621 2579 minus
640 2513 774 2580 fortasse
790 2515 952 2597 sophistae
971 2514 1100 2598 quidam
1118 2513 1150 2578 in
1170 2515 1276 2579 uerbis
1295 2519 1401 2580 essent

211 2643 238 2686 ss
256 2623 288 2684 et
320 2619 358 2684 de
390 2621 619 2703 scripturarum
651 2620 855 2703 simplicitate
889 2621 1121 2687 controuersias
1153 2624 1400 2687 commonerent.

299 2728 330 2790 2.
353 2725 471 2792 Omnes
495 2727 611 2793 etenim
635 2730 753 2793 ceteras
781 2728 911 2812 pietatis
938 2729 1009 2793 uias
1036 2729 1250 2810 relinquentes
1278 2727 1318 2793 ad
1341 2727 1400 2792 hoo

255 2853 354 2898 unum
373 2837 518 2918 spectant
536 2838 631 2916 atque
649 2834 858 2918 prospiciunt,
878 2837 907 2901 si
925 2835 1002 2919 quid
1020 2835 1100 2901 fonte
1114 2835 1147 2899 in
1162 2834 1400 2917 quaestionibus

345 3045 454 3099 4Hier.
474 3047 507 3098 27
527 3045 591 3114 (50),
611 3046 643 3100 31
746 3047 762 3098 5
782 3044 816 3098 cf.
835 3045 862 3098 ll
882 3045 948 3126 Tim
968 3045 994 3112 4,
1013 3046 1030 3098 3
1130 3046 1145 3097 7
1166 3043 1199 3100 of.
1218 3044 1232 3097 I
1251 3043 1319 3098 Tim.
1339 3044 1365 3106 6,
1384 3045 1402 3098 4

254 3136 272 3188 9
293 3134 327 3188 of.
347 3135 423 3188 Rom.
442 3135 467 3196 9.
487 3135 522 3188 28

226 3246 228 3255 ¹
292 3259 308 3310 2
328 3257 378 3311 ΒΕ
398 3257 568 3314 ARRIANIS
593 3257 694 3324 QUOD
718 3256 796 3313 NON
818 3257 924 3312 LIOET
949 3257 1093 3312 SEMPER
1114 3256 1159 3311 ΕΤ
1178 3255 1335 3312 PUBLICE
1353 3256 1402 3310 ΒΕ

255 3346 331 3401 1)Εο
356 3345 604 3402 contenanum
628 3347 656 3402 R
679 3347 780 3402 Contra
803 3347 923 3400 arrianos
949 3345 1068 3400 Caeco.
1086 3361 1136 3399 rec.
1161 3344 1209 3398 ΒΕ
1233 3345 1292 3400 HIS
1311 3345 1334 3398 L
1353 3344 1402 3398 ΒΕ

256 3435 316 3490 HIS
332 3435 395 3502 QUI
413 3423 605 3491 Innuoun'n‘
620 3436 669 3490 Do
688 3434 781 3491 LEGE
804 3434 1053 3492 CONTENDUNT
1076 3433 1255 3491 VlNOIPIT
1274 3435 1322 3488 Du
1342 3435 1401 3488 AR·

255 3524 376 3581 RIANIS
396 3525 498 3593 QUOD
517 3525 595 3580 NON
618 3523 747 3581 alcuna
771 3524 916 3579 SEMPER
939 3524 983 3579 ET
1002 3521 1159 3579 PUBLIOE
1177 3524 1225 3576 DE
1246 3512 1297 3577 uo
1315 3523 1401 3578 CON-

254 3613 427 3669 ΤΕΝΒΕΕΕ
450 3613 473 3668 O
543 3615 561 3668 4
580 3614 741 3684 incipiamus
763 3612 786 3667 0
858 3613 947 3682 inquit
967 3616 1001 3666 sd
1019 3615 1048 3666 te
1070 3610 1134 3666 ouo
1206 3613 1402 3666 contumeliosa

256 3709 329 3759 sunt.
349 3704 449 3758 etenim
469 3703 577 3774 quidem
597 3707 661 3757 sunt
684 3702 710 3756 V
770 3705 786 3758 5
805 3701 876 3756 euim
899 3701 963 3756 ouo
1052 3700 1235 3770 punientesO
1287 3701 1401 3755 tmano

260 3793 368 3862 O‚Co.c.
431 3793 603 3863 profanorum
621 3807 719 3846 uocum
740 3790 790 3845 00
805 3790 978 3860 profanarum
997 3803 1123 3844 uocumo
1186 3787 1400 3858 quaestionibus]

256 3881 449 3936 controuersiis
472 3881 498 3934 V
562 3880 578 3933 8
597 3881 638 3933 ita
657 3878 938 3948 etenim-curiosum]
959 3892 1037 3931 omne
1056 3877 1157 3930 etenim
1176 3877 1247 3946 quod
1266 3877 1294 3930 in
1313 3875 1402 3929 uerbis

254 3970 420 4042 superfluum
449 3972 492 4024 est
519 3974 547 4024 et
574 3969 709 4023 curiosum
735 3969 776 4022 ita
797 3968 921 4022 nominat
944 3967 1041 4036 paulus
1067 3965 1094 4019 V
1179 3966 1196 4018 9
1220 3964 1354 4019 braeuiati
1380 3963 1403 4016 O

258 4060 290 4114 10
311 4060 435 4113 adsertor
454 4055 640 4128 (βεβαιωτήςη
661 4055 819 4110 adsentator
836 4058 877 4124 (ta
895 4071 916 4109 s.
937 4055 966 4122 l.)
984 4053 1012 4108 R
1068 4054 1099 4106 11
1121 4056 1149 4106 ct
1167 4053 1281 4106 maxime
1297 4052 1403 4107 Armeni

254 4165 307 4204 om.
332 4148 358 4200 V
428 4147 499 4200 siout
519 4149 547 4200 ot
564 4145 685 4215 linguam
703 4143 731 4200 R
787 4145 820 4198 12
839 4143 990 4214 protilibus
1008 4144 1037 4198 R
1093 4143 1126 4197 13
1145 4148 1242 4197 etam.
1261 4141 1289 4196 R
1353 4142 1402 4195 ali-

255 4238 417 4308 quantolum
439 4235 682 4304 Caliquantumo
720 4234 753 4288 14
771 4233 859 4289 minus
878 4249 941 4286 uero
965 4233 992 4285 V
1043 4232 1153 4286 sofistse
1171 4231 1251 4286 Ros
1288 4231 1320 4285 15
1340 4246 1402 4284 con·

253 4323 498 4381 trouerucrsiasO
571 4311 726 4376 commouet
749 4321 772 4375 0
826 4323 859 4376 16
878 4322 929 4376 hoo
948 4337 1000 4376 om.
1024 4321 1050 4375 V
