3228 4978
566 421 598 478 V.
617 420 653 473 Ιιι
673 420 903 488 semetipsum
924 419 1001 474 1-3.
1296 423 1357 486 169

211 613 239 676 si
270 611 350 678 enirn
383 612 523 694 grauiter
553 611 613 676 lert
644 615 675 676 et
703 611 789 676 dolet
815 612 988 694 plurimum
1013 613 1221 678 armentarius
1246 633 1318 678 cum
1342 635 1359 680 a
1387 623 1402 676 3

211 737 306 802 grege
329 717 454 784 uitulus
479 718 646 797 abscessit,
670 719 720 784 uel
746 721 856 799 pastor
879 737 951 784 cram
981 719 1051 784 ouis
1080 718 1180 796 deest,
1209 721 1263 784 uel
1290 722 1359 786 auis

212 827 239 893 si
266 826 351 892 fetus
380 825 542 890 auferatur
569 845 605 890 er
633 825 717 905 nido,
742 845 836 908 quem
859 845 1029 909 parumper
1049 827 1231 909 reliquerat,
1255 827 1301 891 ita
1324 831 1360 892 ut

211 931 264 996 uel
281 934 390 1014 pastor
408 931 547 1015 acceptis
562 931 679 997 fistulis
694 932 865 998 ascendens
881 951 1009 998 summa
1026 932 1191 998 cacumina
1204 934 1359 998 montium

179 1055 305 1120 srupes
328 1037 416 1119 ipsas
440 1041 473 1104 et
495 1057 569 1102 saxa
591 1038 713 1122 repleat
736 1037 884 1122 querelis,
904 1058 966 1121 quo
985 1059 1041 1121 per
1059 1040 1119 1104 hoc
1137 1039 1229 1104 uelut
1246 1040 1361 1104 inuitat

211 1149 368 1210 errantem
392 1162 428 1210 aa
451 1146 604 1210 reclamet
623 1144 662 1209 ad
682 1165 820 1230 gregem,
843 1145 871 1210 si
888 1146 970 1211 forta
990 1145 1107 1224 audiat,
1128 1145 1156 1210 si
1174 1147 1255 1211 forte
1275 1147 1361 1211 sonis

210 1249 337 1314 fistulae
361 1249 632 1332 permulcentibus
655 1253 835 1316 reuertatur
857 1287 903 1302 -ι
926 1250 1057 1334 quodsi
1077 1251 1236 1328 acciderit,
1257 1255 1367 1335 gratu¹¹

209 1357 295 1422 latur
318 1356 431 1439 magis
445 1355 482 1420 de
507 1375 543 1420 eo
569 1376 664 1440 quana
688 1357 726 1421 de
750 1357 896 1423 omuibus
920 1357 1062 1439 reliquis,
1086 1377 1219 1441 quorum
1244 1358 1363 1422 solliei-

211 1462 321 1528 tudine
345 1481 406 1528 non
429 1463 534 1528 fuerat
556 1463 721 1547 fatigatus,
745 1465 799 1528 uel
822 1464 902 1542 auis,
928 1465 956 1528 si
978 1465 1152 1548 reppererit
1175 1465 1286 1546 letum,
1311 1465 1362 1528 ad-

167 1569 352 1634 reclamans
380 1588 460 1634 uoce
492 1571 617 1653 garrula
643 1569 816 1654 pansisque
839 1570 899 1635 alis
924 1571 1072 1636 consonet
1095 1574 1127 1635 et
1150 1571 1364 1653 conplectitur

213 1675 322 1740 nidurn
347 1713 400 1753 ——,
426 1679 542 1758 quanto
568 1675 705 1757 amplius
725 1676 846 1759 putatis
865 1678 970 1741 inesse
990 1677 1130 1742 sollicito
1149 1677 1269 1758 pastori
1289 1696 1363 1760 erga

212 1781 434 1847 rationabilem
462 1801 603 1866 gregem,
632 1782 767 1848 maxime
796 1803 851 1866 pro
877 1802 939 1865 quo
964 1783 1061 1848 etiam
1084 1783 1220 1866 periculi
1242 1783 1364 1866 aliquid

212 1888 360 1970 pertulit!

258 1997 288 2060 3.
316 1995 362 2060 ur
389 2013 451 2076 quo
480 1995 592 2077 procul
620 1995 715 2060 dubio
745 1995 818 2079 plus
847 1995 969 2078 aliquid
992 1995 1031 2060 ad
1055 1995 1223 2061 stimulum
1248 1997 1364 2061 amoris

168 2122 194 2166 ιι
213 2100 344 2174 aceedit,
377 2100 511 2164 marimo
545 2119 616 2166 cum
648 2120 706 2186 ego
738 2102 834 2166 etiam
864 2119 979 2184 granas
1009 2100 1092 2166 istos
1121 2102 1215 2182 lupos
1245 2119 1364 2175 uerear,

213 2207 327 2273 necubi
359 2207 520 2273 absentiae
554 2226 642 2273 meae
676 2208 924 2289 oportunitatem
958 2211 1118 2274 sectantes
1149 2207 1301 2272 inuadant
1335 2211 1367 2271 et

215 2314 362 2397 diripiant
391 2334 521 2399 gregem
550 2315 755 2397 subreptitiis
783 2315 891 2381 uerbis
916 2319 948 2380 et
972 2315 1193 2398 persuasoriis,
1218 2316 1364 2397 quoniam

214 2423 247 2487 in
269 2422 398 2504 publico
429 2425 460 2486 et
483 2423 587 2504 palam
617 2422 765 2507 congredi
793 2441 856 2488 non
878 2423 995 2490 amant.
1027 2423 1125 2488 timeo
1150 2405 1246 2500 fures,
1270 2422 1366 2486 timeo

214 2529 364 2606 latrones,
388 2548 427 2593 ne
450 2547 512 2592 non
536 2548 591 2612 par
615 2529 734 2594 ostium
759 2529 815 2595 sad
840 2529 966 2594 aliunde
990 2527 1197 2594 ascendentes
1225 2529 1256 2592 in
1281 2547 1367 2610 prae-

167 2664 196 2708 ιι
216 2640 327 2720 saepta
356 2637 466 2704 cauum
497 2639 553 2700 aut
584 2638 666 2702 olam
696 2637 840 2701 furentur
870 2641 927 2701 aut
955 2637 1079 2719 rapiant
1108 2635 1306 2719 inpudenter,
1331 2639 1368 2698 nt

214 2743 362 2826 iugulent
398 2746 430 2806 et
468 2742 611 2824 occidant
645 2745 676 2807 et
709 2741 844 2825 perdant
876 2742 1060 2826 diripientes
1094 2741 1302 2824 direptionem
1336 2743 1368 2804 et

215 2850 335 2915 animas
370 2849 581 2926 comedentes,
616 2849 700 2914 sicut
733 2848 777 2914 ait
810 2869 892 2914 unus
926 2869 962 2914 ex
993 2850 1167 2933 prophetis.
1201 2848 1298 2912 timeo
1328 2846 1367 2912 ad
1395 2866 1411 2918 2

306 3129 321 3181 ι
342 3127 376 3182 er.
396 3127 460 3182 ιιι.
483 3130 524 3196 15,
544 3130 560 3183 ι
616 3129 650 3183 ro
670 3129 703 3185 ιι.
723 3130 780 3183 ron.
802 3129 843 3196 ro,
865 3129 898 3183 ro
953 3129 985 3182 21
1008 3127 1041 3184 cr.
1061 3129 1157 3182 uzeca.
1177 3128 1219 3195 ιι,
1239 3126 1274 3179 ιι

254 3338 268 3391 1
289 3342 317 3392 et
335 3355 386 3392 om.
410 3337 433 3392 0
505 3337 682 3392 armentarios
701 3341 729 3404 (ιι
747 3355 768 3392 a.
789 3340 816 3404 o)
835 3337 863 3391 R
921 3337 937 3389 2
958 3336 1091 3390 abscessit
1109 3338 1190 3403 (corr.
1209 3337 1242 3388 ιἰι
1260 3335 1367 3391 absees-

218 3428 284 3482 serit
302 3432 359 3495 m2)
377 3429 440 3496 ΒΑ,
460 3439 542 3494 (corr.
560 3426 592 3480 ιἰι
611 3427 744 3493 abscedit)
767 3427 793 3480 V
882 3442 946 3479 oues
969 3425 1043 3480 Orac.
1122 3425 1138 3478 3
1158 3424 1248 3478 foetus
1266 3425 1364 3480 ROAo

217 3516 365 3584 reliqueret
383 3516 463 3572 Rac.
482 3515 651 3585 relinquerat
672 3515 694 3569 O
730 3517 746 3568 5
767 3515 911 3583 quaerellis
929 3513 1041 3582 R,Op.c.
1061 3513 1189 3584 querellis
1211 3512 1235 3566 Ο
1272 3515 1367 3582 ipro-

218 3605 402 3660 mulcontibus
421 3605 443 3658 0
462 3605 695 3674 darmulgeutibus
715 3605 741 3658 V
793 3602 928 3658 accederit
944 3604 967 3658 O
986 3603 1131 3657 accesserit
1143 3604 1170 3656 A
1207 3603 1223 3654 9
1243 3601 1367 3655 lueritO

218 3694 350 3764 repererit
370 3694 424 3748 oV
476 3693 577 3748 laetum
601 3693 744 3748 Ofoetnm
764 3695 791 3747 A
851 3693 1000 3746 acclamans
1019 3693 1047 3746 A
1101 3691 1135 3745 10
1154 3707 1234 3744 uoces
1254 3707 1369 3759 perrara

220 3785 252 3846 (s.
270 3782 284 3835 l
303 3783 421 3852 garrula)
440 3781 468 3837 R
491 3797 572 3846 uoces
595 3783 705 3853 parrnla
728 3782 750 3835 0
773 3797 854 3836 uoces
877 3781 999 3850 parrulas
1022 3782 1052 3850 (g
1069 3796 1092 3834 s.
1110 3783 1138 3849 p)
1163 3778 1185 3832 0
1206 3795 1273 3832 uoce
1292 3794 1367 3846 spar-

218 3870 280 3925 rula
295 3870 324 3925 A
342 3885 422 3924 noces
442 3870 593 3938 garrulosa
648 3870 806 3939 spausisque
824 3869 879 3923 AO
898 3869 1051 3938 sparsisque
1072 3866 1109 3922 Cu
1161 3867 1193 3920 lb
1213 3865 1368 3920 accenditur

220 3963 248 4026 (n
267 3975 289 4014 s.
309 3959 338 4026 l.)
356 3958 400 4012 R·
444 3959 477 4014 16
497 3958 634 4013 nealicubi
652 3957 680 4014 ll
698 3959 747 4024 (ali
763 3974 785 4011 s.
805 3959 835 4024 l.)
853 3957 948 4020 uesrrbi
969 3957 1041 4025 Ope.
1060 3973 1093 4011 ue
1112 3972 1128 4010 o
1180 3956 1211 4009 ll
1232 3955 1368 4025 suprepti-

220 4048 268 4101 ciis
291 4046 365 4101 Orac.
386 4047 537 4102 subretitiis
557 4049 583 4102 A
603 4047 804 4116 surrepticiiso
867 4046 1033 4116 persuasoris
1051 4045 1130 4100 Rae.
1187 4044 1220 4098 18
1241 4044 1367 4112 congregi

219 4135 300 4192 Rrec.
371 4137 404 4192 19
424 4152 478 4189 non
498 4152 548 4190 om.
567 4134 595 4190 R
676 4136 797 4192 hostiurn
822 4136 896 4204 Vpc.
979 4138 1106 4205 praeapte
1126 4134 1146 4198 (i
1164 4151 1187 4188 s.
1205 4136 1228 4199 t)
1251 4132 1368 4200 Oprae·

220 4227 296 4295 sepia
315 4225 427 4294 A,Cp.c.
496 4225 531 4279 20
545 4242 590 4294 pr.
611 4227 666 4295 aul]
687 4226 765 4280 acV
834 4225 1009 4295 impudentes
1033 4225 1059 4278 V
1128 4224 1161 4276 21
1183 4223 1369 4291 direptiones

219 4315 254 4367 22
274 4315 446 4370 comedentes
470 4314 492 4368 0
512 4314 665 4368 occidentes
690 4314 716 4368 V
785 4332 854 4369 unus
874 4316 913 4369 ait
934 4314 999 4369 OVu
