3214 4988
561 467 584 521 1.
604 465 847 538 Apologetiens
866 467 982 522 ‹re-50,
1306 473 1346 535 41

195 665 321 749 gniores
350 683 387 729 ac
419 662 630 747 simpliciores
667 661 784 745 quique
816 663 1013 739 nostrorum3
1046 681 1159 728 uerum
1192 663 1353 745 spiritales

195 771 252 836 isti
283 770 445 837 fastidiosi
477 769 655 834 iudicantes
694 768 838 853 singulos
875 771 908 834 et
944 767 1189 834 condemnantes
1229 773 1260 834 et
1296 789 1352 854 pro

196 877 296 943 nihilo
316 877 444 942 omnino
464 876 628 954 ducentes,
648 875 677 940 si
689 876 737 940 ita
750 874 890 953 libuerit,
910 874 1085 940 abscedunt
1100 875 1194 940 etiam
1212 893 1353 942 commu-

196 986 324 1050 nionem
346 987 487 1050 nostram
510 982 603 1048 uelut
625 981 745 1066 inpiam
767 983 961 1048 recusantes.

164 1103 178 1147 a
243 1093 295 1157 50.
321 1089 443 1170 Quodsi
467 1091 605 1172 aliquem
631 1108 740 1155 eorum
763 1089 938 1153 lenioribus
958 1088 1089 1154 monitis
1109 1087 1195 1154 adire
1213 1089 1351 1156 uelimus

198 1201 231 1263 et
262 1197 441 1262 adsertione
477 1195 658 1262 rationabili
696 1195 863 1261 conuenire
901 1194 1058 1260 dicentes:
1090 1197 1219 1278 ‘quaeso
1252 1199 1295 1274 te,
1334 1216 1352 1262 o

197 1304 339 1370 uirorum
368 1303 497 1387 optime,
525 1303 717 1385 respondeas
746 1302 840 1367 mihi:
874 1305 974 1368 artem
1003 1302 1143 1384 aliquam
1175 1304 1228 1367 uel
1261 1302 1354 1368 disci·

198 1411 317 1496 plinam
351 1411 442 1475 ducis
476 1428 546 1475 esse
580 1410 661 1476 tibia
693 1428 803 1476 canere
835 1410 889 1474 uel
922 1409 1075 1475 citharam
1113 1409 1249 1488 feriret',
1286 1410 1355 1474 riae

198 1517 294 1583 dubio
328 1517 531 1600 disciplinam
564 1535 634 1582 esse
671 1516 833 1581 fatebitur.
867 1515 954 1600 ‘quid
987 1515 1099 1581 deinde
1137 1515 1175 1580 da
1212 1514 1355 1600 sapiente

152 1638 181 1680 1⁰
198 1625 299 1690 sentis
322 1627 417 1707 atque
440 1623 511 1705 ipsa
535 1623 699 1706 sapientia,
727 1623 760 1688 id
784 1627 833 1688 est
857 1623 895 1688 de
924 1621 1103 1688 diuinarum
1130 1623 1353 1688 humanarum·

199 1750 261 1814 que
278 1749 384 1795 rerum
403 1729 573 1813 disciplina
586 1733 618 1795 et
633 1729 798 1796 scientiat'
814 1729 987 1794 concedent
1002 1729 1097 1794 etiam
1112 1728 1183 1794 hoc.
1199 1733 1242 1795 ‘et
1255 1728 1354 1812 quid?

198 1836 345 1901 meliores
370 1853 440 1902 esse
463 1835 536 1900 illas
561 1837 645 1900 artes
669 1854 763 1918 quam
787 1835 976 1919 sapientiam
1000 1835 1158 1914 ducimus,
1188 1853 1226 1901 an
1250 1834 1352 1900 multo

199 1943 249 2008 his
274 1941 421 2008 omnihus
443 1944 603 2024 praestare
627 1942 850 2025 sapientiaml'
879 1941 946 2007 scio
970 1942 1054 2025 quod
1078 1941 1174 2006 etiam
1197 1941 1258 2006 hoc
1282 1959 1353 2006 con·

200 2050 326 2127 cedent;
346 2053 379 2114 et
401 2050 567 2132 hucusque
585 2048 681 2114 fidem
700 2047 732 2114 in
751 2048 995 2130 responsionum
1013 2049 1150 2115 ueritate
1169 2048 1352 2114 seruabunt.

155 2171 183 2213 1⁵
202 2156 278 2240 quid
301 2156 399 2240 ergo?
422 2155 560 2220 citharae
585 2155 714 2238 quidem
737 2159 770 2222 et
787 2155 885 2221 tibiae
905 2155 1074 2240 disciplina
1092 2155 1222 2222 habebit
1239 2155 1354 2221 doetri-
1381 2152 1401 2206 2

201 2281 273 2327 nam
306 2264 401 2344 atque
437 2260 656 2328 institutiones
694 2279 769 2327 suas
807 2265 839 2326 et
874 2262 1002 2344 tempus
1040 2261 1079 2326 ad
1114 2263 1175 2327 hoo
1212 2261 1354 2328 discendi

203 2369 329 2454 dabitur
352 2371 384 2433 et
405 2367 496 2432 labor
518 2385 554 2432 ac
578 2367 722 2433 studium
746 2367 948 2433 adhibebitur
972 2369 1004 2432 et
1026 2369 1188 2434 mercedes
1218 2369 1352 2435 doctori·

201 2477 262 2541 bus
276 2475 530 2560 praestabuntur,
549 2474 709 2540 interdum
725 2475 831 2554 etiam,
848 2474 952 2539 sicubi
967 2474 1039 2558 quis
1054 2475 1186 2558 peritior
1200 2475 1354 2562 magister

202 2583 340 2662 auditur,
363 2581 403 2648 ob
427 2582 488 2647 hoe
510 2582 722 2666 peregrinatio
747 2600 872 2665 quoque
890 2581 988 2666 longa
1006 2582 1190 2664 suscipitur,
1213 2587 1246 2648 et
1264 2583 1354 2666 quid·

155 2705 184 2749 ao
202 2690 277 2774 quid
296 2688 379 2754 illud
398 2691 448 2754 est
466 2689 552 2772 quod
570 2689 611 2754 ad
629 2689 790 2754 elimatam
810 2689 966 2772 pertineat
985 2688 1203 2766 eruditionem,
1228 2689 1354 2754 etiamsi

203 2795 246 2860 sit
273 2799 509 2878 sumptuosum,
538 2795 694 2861 toleratur
722 2799 754 2860 et
780 2795 911 2880 geritur,
940 2795 1129 2879 sapientiam
1158 2813 1244 2874 uero,
1273 2813 1354 2878 quae

203 2900 344 2968 omnium
368 2903 401 2966 et
423 2899 568 2984 princeps
594 2903 642 2966 est
666 2903 698 2966 et
724 2901 883 2965 inuentrix
911 2903 944 2966 et
971 2900 1002 2965 in
1032 2905 1134 2966 semet
1160 2901 1231 2983 ipsa
1257 2900 1354 2966 habet

203 3008 308 3072 omnia
337 3010 369 3072 et
402 3007 552 3086 continet,
585 3007 677 3073 ouius
710 3007 836 3072 nornine
869 3007 965 3072 etiam
999 3007 1078 3073 deus
1110 3007 1218 3073 uocari
1249 3006 1353 3092 magis

203 3133 298 3197 quam
322 3114 435 3180 ceteris
459 3114 576 3198 quibus
601 3115 774 3178 humanam
800 3133 976 3180 sermonem
1000 3114 1049 3179 uti
1072 3115 1120 3180 fas
1144 3117 1194 3180 est
1216 3113 1354 3198 appella-

293 3377 328 3430 22
348 3376 381 3431 cf.
401 3376 464 3448 Sap.
485 3376 509 3439 1,
530 3377 545 3428 7
600 3375 635 3428 23
655 3374 687 3430 cf.
706 3375 720 3428 I
739 3374 799 3431 Cor.
821 3377 845 3442 l,
865 3375 899 3430 30

239 3566 435 3640 lquisqueO
506 3567 662 3638 spirituales
683 3566 721 3622 Co
780 3565 1045 3636 2condempuantes
1069 3565 1142 3634 Ops.
1196 3566 1353 3638 domnino]

203 3657 294 3712 omnia
314 3656 353 3712 Uo
443 3656 594 3711 abscedunt
614 3656 633 3724 (i
652 3673 673 3710 a
695 3655 766 3721 e)0
837 3655 958 3725 iimpia
976 3654 1004 3711 R
1076 3653 1255 3710 tlinioribus
1272 3653 1353 3712 Rae.

201 3746 389 3802 bassertione
409 3743 482 3814 Ope.
546 3743 658 3799 8ducis
678 3744 760 3800 BOA
778 3743 847 3799 dicis
868 3743 936 3798 oro
1007 3743 1146 3815 cytharam
1164 3744 1192 3799 R
1251 3743 1354 3813 liquid

203 3835 322 3891 deinde?
341 3835 480 3906 sapienter
497 3834 592 3889 sentis.
612 3836 642 3888 at
660 3832 726 3904 quid
745 3833 779 3888 de
796 3833 858 3904 ipsa
876 3833 1012 3903 sapientia
1033 3832 1132 3902 Op.c.,a
1219 3832 1253 3887 10
1271 3835 1354 3902 atque

200 3926 273 3996 ipsa]
293 3927 376 3994 atque
395 3923 429 3980 dc
447 3925 508 3994 ipsa
531 3923 558 3978 V
626 3923 655 3977 id
675 3923 726 3993 est]
746 3923 791 3978 uel
809 3924 838 3977 A
902 3924 933 3979 11
954 3921 1107 3978 concedunt
1127 3921 1165 3977 Cu
1232 3922 1266 3975 12
1286 3921 1353 3977 dici·

201 4031 261 4070 mus
279 4014 307 4068 A
398 4013 430 4068 13
453 4011 605 4068 concedant
623 4012 679 4067 uA
788 4013 822 4069 14
844 4011 926 4068 fidem
949 4012 1100 4068 seruabant
1122 4010 1152 4066 in
1175 4011 1352 4080 responsione

202 4106 353 4159 ueritates
418 4103 451 4157 15
472 4103 599 4174 cytharae
620 4101 657 4158 Oc
722 4103 754 4158 17
772 4102 851 4157 labor
870 4102 911 4172 ae]
930 4100 1083 4157 labore-Cu
1148 4101 1181 4154 19
1200 4099 1355 4170 suscepitur

203 4193 223 4262 (i
244 4209 266 4248 a.
291 4191 432 4259 emmo
538 4190 668 4262 quicquid
691 4189 786 4247 uoco
885 4190 920 4246 20
943 4191 1083 4256 elimatam
1107 4191 1136 4257 (a
1159 4205 1181 4244 a.
1206 4205 1225 4254 u
1247 4188 1357 4258 ΜΟ
1413 4191 1414 4195 ’

201 4284 331 4353 peteneat
351 4281 424 4337 Oce.
497 4281 530 4336 21
550 4283 721 4336 sumtuosum
741 4280 851 4347 0,0o.c.
919 4280 954 4334 22
972 4281 1060 4350 ipsam
1083 4278 1110 4333 V
1173 4279 1208 4333 23
1227 4278 1352 4346 aerarum

202 4371 291 4440 magis
311 4369 336 4424 Ο
396 4371 431 4424 24
449 4369 680 4441 adpellationibus
699 4368 727 4424 R
