3194 4982
325 413 388 477 124
840 408 957 464 aursni

323 624 384 670 non
417 623 589 672 conuersus
623 624 659 669 ex
692 623 727 670 eo
761 605 847 688 quod
879 608 945 670 erat
977 641 1020 652 -
1052 605 1305 670 inconuertibilis
1340 625 1478 689 namque

325 715 374 776 est
395 747 445 789 -,
466 711 522 777 sed
542 710 711 776 adsumens
731 711 816 794 quod
834 731 894 777 non
914 715 980 776 erat
993 747 1037 758 -
1052 711 1231 776 misericors
1253 713 1337 776 enim
1358 715 1409 776 est
1423 751 1477 790 —-,

324 821 361 882 ut
384 818 454 902 capi
477 818 580 902 possit
604 817 658 901 qui
682 819 754 901 capi
776 837 837 884 non
861 823 985 902 poterat
1008 822 1041 884 et
1064 838 1119 902 per·
1137 817 1332 884 mediantem
1353 838 1478 884 carnem

324 927 409 990 sicut
433 925 589 990 uelamine
609 925 746 1008 quodam
765 925 952 1008 interposito
973 925 1092 1008 alloqui
1111 945 1168 990 nos
1187 926 1302 1008 possit,
1328 927 1479 1008 quoniam

325 1031 454 1113 quidem
482 1031 560 1096 ferre
590 1031 743 1097 sinceram
768 1031 945 1097 diuinitatis
971 1032 1039 1098 eius
1064 1035 1211 1098 naturam
1233 1051 1295 1098 non
1320 1036 1388 1098 erat
1412 1053 1476 1098 cor·
1509 1053 1522 1094 s

279 1145 295 1198 3
323 1138 484 1220 nuptibilis
503 1138 598 1203 huius
618 1142 743 1204 nostrae
762 1138 948 1223 fragilisque
966 1143 1108 1204 naturae.
1131 1139 1248 1205 idcirco
1269 1158 1345 1224 ergo
1359 1140 1481 1204 incom-

323 1245 421 1310 mixta
444 1245 619 1310 miscentur
642 1249 673 1310 et
692 1264 753 1310 non
772 1246 874 1310 solum
896 1245 1057 1312 natiuitati
1076 1249 1202 1312 nostrae
1222 1247 1300 1312 deus
1319 1247 1375 1311 uel
1395 1247 1481 1311 carni

326 1370 460 1434 superna
482 1370 572 1417 mens
597 1353 649 1416 uel
672 1351 808 1435 tempori
830 1351 912 1416 illud
936 1352 1021 1434 quod
1044 1356 1114 1418 ante
1139 1372 1231 1418 omne
1258 1357 1391 1438 tempus
1421 1357 1479 1430 est,

324 1475 436 1522 uerum
460 1457 557 1522 etiam
580 1456 758 1540 uirginitati
781 1459 891 1540 partus
915 1457 1087 1540 inponitur,
1117 1457 1265 1542 quoniam
1290 1460 1323 1522 et
1345 1459 1481 1541 inpassi-

324 1563 381 1627 bili
405 1563 512 1646 passio
537 1564 724 1628 conciliatur
746 1567 778 1628 et
800 1563 962 1629 inmortali
981 1565 1093 1630 mortis
1112 1566 1262 1647 poculum
1281 1565 1479 1648 propinatur.
1498 1584 1521 1626 ro

281 1679 298 1731 4
325 1689 397 1734 nam
422 1670 570 1751 quoniam
594 1670 742 1735 inimicus
771 1673 879 1736 noster
907 1675 1006 1736 artem
1034 1690 1126 1738 suam
1155 1672 1364 1754 sophisticam
1395 1673 1482 1737 uinci

325 1795 387 1841 non
410 1795 505 1859 posse
529 1779 793 1860 praesumpserat,
818 1777 989 1861 sicutipse
1008 1797 1065 1844 nos
1086 1797 1142 1862 spe
1162 1778 1330 1860 deceperat
1350 1778 1480 1844 deitatis

325 1883 499 1965 promissae
531 1882 654 1948 dicens:
688 1882 809 1948 critis
841 1884 950 1949 sicut
982 1883 1046 1963 dii,
1079 1884 1125 1950 ita
1157 1903 1239 1948 nunc
1271 1886 1342 1967 ipse
1376 1886 1481 1950 carnis

327 1989 503 2056 obiectione
527 1991 691 2073 decipitur.
720 1994 752 2055 et
774 1991 866 2056 uelut
888 1992 981 2056 hamo
1005 2010 1077 2056 esca
1101 1991 1251 2074 adoperto
1276 1992 1353 2056 dum
1378 1991 1481 2056 Adam

328 2115 473 2162 carneum
499 2095 588 2179 cupit
609 2115 732 2175 narare,
756 2098 852 2161 deum
876 2097 1066 2162 intrinsecus
1085 2096 1208 2162 inuenit
1226 2097 1426 2179 adopertum.
1450 2100 1483 2162 et
1499 2117 1524 2160 15

326 2205 372 2266 ita
394 2222 497 2269 nouus
522 2203 574 2268 hie
594 2202 697 2268 ¹Adam
721 2206 864 2269 ueterem
891 2205 1026 2285 reparat,
1055 2206 1087 2268 et
1114 2203 1336 2269 condemnatio
1364 2204 1483 2287 prioris

328 2309 514 2388 absoluitur‚
539 2311 613 2375 dum
638 2330 710 2376 caro
734 2330 790 2394 pro
814 2329 905 2375 carne
928 2311 1109 2376 rest'tuitnr
1132 2313 1164 2376 et
1186 2329 1242 2394 pro
1266 2315 1369 2376 morte
1396 2331 1480 2377 mors

326 2417 478 2496 redditur,
506 2418 604 2483 immo
629 2419 706 2483 dum
728 2438 784 2502 per
806 2422 942 2483 mortem
965 2419 1034 2502 ipse
1058 2421 1167 2483 auctor
1194 2419 1306 2484 mortis
1335 2420 1480 2502 punitur.

373 2525 423 2589 14.
441 2525 482 2590 nt
501 2525 628 2608 quidem
647 2527 719 2590 ante
738 2544 800 2590 non
815 2527 934 2591 multos
950 2525 1017 2590 dies
1033 2526 1281 2591 sollemnitatem
1297 2525 1480 2590 natiuitatis

326 2632 536 2696 communiter
558 2632 753 2698 celebrantes
778 2635 810 2696 et
834 2631 872 2696 de
895 2632 1012 2696 mundo
1040 2631 1158 2716 pariter
1185 2651 1222 2696 ac
1250 2632 1289 2697 de
1316 2633 1367 2696 his
1398 2653 1480 2716 quae
1497 2649 1524 2692 eo

325 2757 421 2820 supra
448 2737 602 2802 mundum
630 2741 705 2803 sunt
732 2738 821 2803 uerbi
853 2738 1021 2820 uoluptate
1054 2757 1089 2803 ac
1123 2738 1245 2803 deliciis
1278 2739 1478 2804 luxuriantes

325 2864 397 2909 cum
417 2844 511 2909 stella
529 2844 737 2924 cucurrimus,
758 2864 830 2910 cum
849 2846 952 2930 magis
973 2845 1184 2923 edomuimus,
1204 2847 1477 2928 compastoribus

322 2951 484 3016 inlustrati
508 2970 631 3030 sumus,
661 2970 734 3016 cum
759 2952 879 3036 angelis
903 2952 1055 3036 hymnum
1080 2952 1215 3016 diximus
1241 2956 1273 3016 et
1297 2953 1417 3036 gratias
1447 2955 1476 3018 ei

414 3196 446 3249 13
466 3194 534 3250 Gen.
552 3195 613 3262 3,5
668 3195 956 3259 2201.Match.2‚2
1043 3195 1243 3260 cf.Luc.2,9
1297 3196 1333 3250 23
1353 3195 1387 3249 cl.
1408 3195 1475 3249 Luc.

324 3285 350 3351 2,
371 3284 476 3338 13-14

361 3425 611 3480 linconuersibilis
630 3428 657 3479 A
729 3426 867 3480 2etenim
886 3427 913 3480 A
985 3427 1050 3490 3et
1067 3426 1110 3496 (ut
1128 3442 1148 3480 a
1170 3428 1208 3492 et)
1228 3426 1256 3481 R
1333 3428 1427 3494 posset
1447 3428 1476 3480 A

323 3516 397 3584 capit
415 3515 442 3569 R
495 3515 694 3584 4interposita
714 3518 740 3581 (ο
759 3531 781 3570 a.
802 3515 875 3580 ali)
930 3516 946 3568 5
960 3522 1027 3583 post
1045 3517 1103 3569 eius
1122 3532 1192 3570 eras.
1213 3515 1316 3569 eiusO
1364 3515 1475 3570 inati-

321 3603 417 3657 nitatis
441 3603 467 3656 V
537 3604 623 3658 carnis
642 3603 670 3658 A
723 3605 740 3658 8
760 3621 877 3674 superna
895 3604 980 3675 mens]
1001 3620 1193 3674 supermanans
1212 3604 1240 3657 A
1258 3621 1374 3674 superna
1394 3607 1422 3670 (a
1441 3621 1477 3658 cx

322 3707 353 3744 ac
371 3694 428 3758 oo2)
447 3708 523 3746 mens
547 3692 572 3746 V
652 3694 668 3746 9
688 3693 824 3762 quoniam]
845 3692 958 3762 quodO
1037 3695 1068 3747 ll
1089 3695 1163 3763 narn]
1184 3693 1250 3747 add.
1270 3692 1405 3762 quomodo
1423 3709 1476 3762 per

320 3780 535 3834 incarnationem
556 3780 658 3836 Christi
677 3779 803 3834 diabolus
824 3783 919 3850 captus
939 3784 966 3834 et
985 3784 1128 3851 superatus
1148 3783 1190 3835 est
1209 3783 1256 3850 qui
1274 3782 1350 3850 prius
1368 3782 1476 3835 uicerat

321 3869 349 3924 R
365 3870 397 3922 ia
415 3885 466 3938 mp.
522 3869 733 3932 sosfistiicamR
751 3870 898 3926 sofistieam
917 3870 966 3926 00
1003 3873 1035 3925 12
1055 3871 1193 3942 deciperet
1207 3870 1309 3926 GVrec.
1348 3870 1381 3924 13
1400 3887 1475 3925 nunc

322 3964 349 4011 et
367 3960 426 4028 ipse
445 3959 473 4014 R
529 3960 563 4013 14
582 3958 723 4030 decepitur
745 3961 817 4016 Coc.
879 3960 1075 4024 amo0,1tac.
1130 3960 1319 4030 cooperato
1376 3961 1409 4014 16
1427 3959 1476 4014 hic

319 4065 407 4102 nouus
426 4049 505 4103 adam
529 4050 555 4102 V
626 4049 821 4104 condemnatio
840 4051 919 4106 Bac.
940 4051 1148 4120 condempnatio
1170 4049 1209 4105 Oc
1278 4050 1378 4120 peioris
1398 4051 1432 4119 (ri
1452 4069 1475 4104 s.

321 4137 357 4207 ei)
375 4136 403 4191 R
478 4138 510 4191 18
529 4139 611 4191 immo
631 4153 683 4192 om.
706 4137 733 4192 V
810 4139 868 4208 ipse
888 4155 940 4194 ora.
960 4140 987 4192 A
1071 4139 1183 4209 ponitur
1201 4139 1228 4192 A
1299 4138 1331 4193 19
1351 4138 1478 4194 anteeG

320 4226 550 4295 sollempnitatem
573 4227 839 4296 Osolempnitatec
889 4229 921 4282 21
943 4228 1084 4282 uoluntate
1106 4229 1143 4282 Oa
1206 4228 1373 4282 luxuriantes
1393 4227 1478 4283 ROG

320 4315 354 4368 23
374 4314 532 4378 inlustrandi
550 4314 577 4369 R
648 4333 759 4385 ymnum
777 4317 865 4371 RAV
882 4317 983 4370 imnum
1005 4316 1034 4384 0,
1054 4333 1139 4374 om.o
