3214 4988
590 429 1007 500 rnmwmwmmr
1333 437 1374 500 53

223 621 501 688 eonsummaro's'e
525 625 676 706 parietem
701 627 733 688 et
761 643 815 688 eos
843 625 1030 706 quilutant
1057 626 1110 690 uel
1139 629 1266 710 ungunt
1294 645 1376 705 eum,

223 731 279 812 qui
303 727 378 804 sunt
400 730 448 793 illi
472 731 537 813 qui'
554 734 686 814 peooant
715 734 746 795 et
773 731 822 795 illi
853 731 907 814 qui
936 732 1083 816 operiunt
1110 735 1241 816 peecata
1269 753 1376 798 eornm

224 841 257 900 et
275 839 461 920 contemtum
483 837 568 920 quod
587 839 697 920 utique
718 837 756 900 de
775 838 869 902 maiis
888 839 1085 921 principibus
1106 842 1138 904 et
1158 839 1376 904 sacerdotibus

223 941 349 1021 dieitur,
370 943 424 1023 qui
440 942 659 1022 declinant,
678 943 792 1026 inquit,
809 943 963 1008 domum
979 945 1142 1009 Israhel
1157 945 1376 1011 seeundum

190 1069 290 1115 scor
309 1069 433 1126 snum,
450 1049 553 1130 quod
568 1049 791 1115 alienatum
807 1053 869 1115 est
884 1051 1266 1134 inzoonoupisoentiis
1283 1053 1374 1118 suis.

267 1158 319 1221 66.
347 1157 514 1222 Praetereo
539 1175 614 1221 uero
639 1137 890 1222 commemorare
908 1176 1127 1241 quaecumque
1152 1158 1231 1226 dicit
1259 1159 1296 1223 de
1324 1159 1374 1224 his

223 1263 278 1346 qui
306 1283 339 1327 se
367 1263 455 1344 ipsos
484 1263 628 1346 pascunt
663 1263 717 1345 qui
745 1265 794 1328 lae
823 1265 993 1330 comedunt
1024 1269 1055 1328 et
1087 1265 1159 1329 iana
1191 1265 1374 1344 induuntur,

224 1371 279 1451 qui
307 1370 391 1450 quod
421 1370 559 1434 crassius
588 1374 638 1435 est
664 1370 813 1454 iugulant
837 1374 868 1434 et
897 1390 930 1435 se
957 1372 1046 1453 ipsos
1074 1374 1210 1453 pascunt
1238 1376 1270 1437 et
1298 1390 1375 1437 oues

222 1494 283 1540 non
307 1479 453 1558 pascunt,
478 1477 532 1559 qui
557 1475 716 1540 infirmum
740 1495 801 1541 non
826 1477 1014 1554 confortant,
1040 1477 1094 1559 qui
1119 1478 1290 1543 contritum
1314 1497 1375 1542 non

175 1595 202 1646 ro·
222 1583 395 1668 conligant,
429 1583 484 1666 qui
512 1582 597 1665 quo'd
625 1585 708 1646 errat
734 1601 796 1646 non
824 1585 975 1647 reuocant
1008 1586 1039 1648 et
1071 1585 1156 1666 quod
1187 1585 1292 1668 periit
1313 1604 1374 1651 non

221 1689 386 1770 requirunt
413 1695 445 1753 et
472 1689 555 1770 qnod
584 1687 723 1754 ualidius
752 1691 802 1754 est
830 1708 891 1754 non
916 1695 1114 1768 conseruant,
1140 1691 1197 1755 sed
1220 1690 1376 1776 adfligunt

217 1799 253 1858 et
286 1793 457 1859 oonfioiunt
490 1798 521 1859 et
559 1795 754 1878 dispergunt,
792 1795 838 1859 ita
874 1799 911 1860 ut
948 1795 1170 1881 dispergantur
1207 1815 1283 1861 oues
1320 1816 1374 1880 per

221 1919 329 1966 omnes
354 1919 484 1984 campos
513 1907 545 1966 et
571 1919 627 1984 per
655 1920 763 1966 omnes
792 1905 916 1966 montes
945 1921 1001 1985 pro
1031 1921 1078 1981 eo,
1109 1903 1192 1986 quod
1220 1922 1282 1966 non
1311 1903 1375 1967 sint
1413 1957 1415 1962 .

220 2011 375 2092 pastores,
409 2011 441 2072 et
469 2008 649 2073 efficiuntur
677 2027 754 2073 oues
782 2008 813 2073 in
844 2005 1117 2092 depraedationem
1147 2009 1262 2074 auibus
1295 2010 1374 2074 caeli

174 2137 201 2180 15
221 2119 254 2180 et
274 2115 387 2182 bestiis
411 2122 523 2186 terrae,
548 2117 624 2180 dum
647 2135 708 2183 nou
733 2120 783 2180 est
806 2117 861 2198 qui
883 2116 1024 2198 requirat
1047 2136 1148 2199 neque
1173 2118 1226 2198 qui
1246 2135 1374 2181 conuer-

219 2217 277 2287 tat.
311 2223 394 2287 unde
423 2227 455 2287 et
484 2223 529 2286 ita
561 2223 605 2287 ait
638 2224 843 2306 propheticus
877 2242 994 2290 sermo:
1027 2225 1124 2288 uiuo
1158 2244 1239 2308 ego,
1273 2225 1374 2288 dioit
1401 2237 1418 2289 2

220 2331 415 2407 dominus,
441 2349 510 2413 pro
534 2349 576 2394 eo
602 2331 706 2413 quod
730 2331 827 2395 haee
851 2332 909 2395 ita
934 2333 1090 2396 suntet
1118 2332 1253 2396 fartae
1278 2335 1372 2396 sunt

220 2457 316 2502 oues
351 2451 459 2502 meae
492 2438 529 2500 in
562 2438 758 2520 praedam.
792 2457 884 2502 eoos
919 2457 990 2520 ego
1024 2438 1070 2502 ad
1101 2443 1300 2522 pastores,
1334 2442 1372 2502 et

219 2538 425 2626 exquiram
463 2527 702 2609 oues'maas
741 2545 786 2608 de
823 2545 1008 2622 manibus
1052 2563 1196 2610 eorum.
1233 2549 1264 2610 et
1299 2545 1371 2610 illas

174 2669 201 2712 ao
220 2651 346 2732 quidem
377 2669 566 2735 congregare
596 2669 629 2715 se
658 2651 736 2716 dicit
763 2652 979 2732 ao‘reparara
1012 2651 1087 2714 iilos
1114 2670 1189 2715 uero
1222 2655 1373 2735 passuros

219 2777 359 2839 eaquae
383 2757 475 2822 malis
499 2757 682 2839 pastaibus
707 2759 891 2840 praeparata
915 2760 1004 2821 sunt.
1184 2759 1187 2764 ’

264 2865 317 2928 67.
354 2865 472 2928 Uerum
506 2883 544 2928 ne
577 2863 604 2927 si
628 2865 718 2946 guia·
738 2881 882 2946 quaeque
916 2862 1115 2928 dinumerans
1147 2865 1371 2947 prophetarum

220 2970 305 3034 diota
333 2989 509 3034 sermonem
541 2971 572 3034 in
601 2967 728 3054 longius
756 2971 949 3052 protraham,
979 2972 1074 3036 unius
1103 2971 1206 3036 adhue
1233 2973 1370 3036 tantum-

219 3077 312 3141 modo
340 3077 513 3158 prophetae
542 3077 661 3142 faciens
689 3075 905 3155 mentionem,¹
927 3077 1016 3141 illius
1045 3076 1167 3142 seilicet
1200 3077 1254 3158 qui
1287 3079 1371 3141 ante·
1481 3149 1484 3154 ,

173 3203 200 3247 ss
219 3201 312 3265 quarn
336 3185 547 3264 plasmaretur
569 3184 600 3246 in
624 3186 715 3248 utero
740 3183 869 3266 agnitus
894 3187 944 3248 est
967 3187 998 3248 et
1022 3187 1191 3267 antequam
1217 3203 1252 3248 ex
1271 3185 1371 3248 uulua
1403 3195 1406 3203 t

218 3288 401 3370 procederet
425 3289 641 3353 sanctificatus
666 3293 714 3354 est
737 3325 780 3336 —
804 3290 982 3354 Hieremias
1010 3290 1062 3354 hio
1091 3294 1141 3354 est
1165 3327 1217 3368 ψ,
1248 3294 1369 3354 eeteros

310 3496 856 3564 remmnamrnmns
898 3496 1369 3562 mmmeanemnm

220 3585 362 3653 mem
417 3585 681 3654 mmmmm
883 3573 886 3581 '

257 3711 269 3763 1
291 3725 449 3763 consumare
468 3703 495 3761 A
551 3709 653 3778 lutaut]
671 3710 765 3775 iptant
784 3711 851 3778 (inin
869 3727 891 3764 s.
910 3713 958 3775 uta
977 3711 1034 3776 ort)
1052 3709 1079 3764 R
1098 3709 1198 3763 liniunt
1220 3708 1257 3763 Cu
1312 3709 1364 3778 uel]

221 3801 281 3852 eto
352 3815 399 3855 eos
424 3797 451 3849 V
510 3798 528 3850 4
547 3797 594 3866 qui
613 3797 752 3853 declinant
770 3799 998 3869 (πλαγισζόντωνη
1019 3797 1091 3868 quod
1111 3801 1138 3852 et
1156 3798 1257 3851 liniunt
1275 3797 1321 3866 (od
1341 3803 1366 3851 et

219 3904 236 3939 u
256 3887 588 3954 exaloct.iaras.)1t
625 3887 911 3942 6Praeterao-dioit
929 3889 961 3941 a'a
978 3905 1028 3958 mp.
1048 3889 1075 3940 A
1130 3887 1163 3942 de
1183 3888 1225 3940 his
1245 3886 1370 3952 dioitCo

220 3975 342 4029 'lienam
363 3968 403 4029 'Co
454 3968 607 4029 8orassum
626 3976 685 4030 AV
701 3976 819 4045 grossius
843 3977 915 4030 Cae.
987 3977 1143 4046 iugulantes
1167 3975 1241 4028 Vae.
1275 3975 1303 4028 ,9
1323 3975 1364 4027 in·

218 4063 322 4124 firmum
342 4065 369 4118 R
434 4064 467 4117 10
487 4063 619 4132 colligant
637 4063 719 4118 Roo
735 4065 869 4134 colligunt
887 4066 914 4117 A
1019 4069 1077 4120 erat
1095 4065 1142 4120 R'
1225 4064 1308 4132 periit
1325 4066 1365 4130 (τὸ

220 4149 378 4220 dsotnidgt]
399 4147 470 4220 perit
487 4149 556 4204 Rue
593 4189 596 4196 Δ
649 4152 681 4205 13
700 4150 808 4204 suntO
896 4152 928 4204 14
948 4150 1102 4218 efficiuntur
1119 4152 1159 4205 sio
1176 4150 1364 4205 omaessodd.

219 4240 251 4292 17
271 4241 312 4292 ita
328 4233 379 4294 hec
398 4242 496 4292 sunto
566 4240 602 4293 20
622 4255 748 4309 passurus
770 4239 843 4292 Cae.
903 4237 937 4292 23
956 4239 983 4290 in
1004 4255 1054 4293 om.
1072 4240 1099 4291 A
1176 4238 1364 4293 tantummodo

218 4328 366 4397 prophetae
384 4327 573 4381 tantummodo
592 4329 619 4380 A
673 4329 709 4383 24
727 4327 830 4398 faciens
851 4332 878 4393 (a
896 4344 917 4382 a.
938 4331 996 4396 ens)
1019 4329 1044 4382 R
1090 4329 1124 4382 25
1143 4329 1321 4398 plasmeretur
1343 4326 1365 4379 0
