3214 4988
568 455 589 509 Ι.
609 455 850 525 Apologetieue
870 456 984 511 61-63.
1310 462 1351 525 51

198 671 273 715 eum
296 651 450 734 loquitur,
476 651 622 733 quemuis
647 651 724 714 haee
744 651 862 716 maiora
882 669 976 732 qnam
997 651 1035 716 ed
1055 651 1197 717 homines
1217 653 1354 734 pertinet

196 757 368 822 uideantur
392 761 423 823 et
439 758 576 832 -humani
601 757 768 822 sacerdotii
796 757 981 840 supergredi
1010 762 1130 823 statum
1158 762 1253 842 atque
1280 759 1351 824 ideo

198 863 325 928 silentio
349 862 486 946 tegenda
510 863 583 940 sint,
612 865 718 926 temen
743 881 870 946 quoque
900 863 994 928 modo
1023 864 1119 927 etiarn
1146 865 1209 946 ipsi
1232 867 1305 930 lesu
1335 885 1353 930 e

198 969 316 1034 dextris
342 972 425 1033 stare
449 969 594 1035 diabolus
620 969 737 1033 dieitur
760 973 792 1034 et
815 969 975 1049 aduersari
1001 970 1039 1034 ei.
1065 989 1217 1052 quaeres
1241 971 1351 1056 utique

161 1099 175 1138 ⁵
197 1075 277 1139 mihi
299 1075 404 1160 fragili
432 1076 552 1140 homini
580 1077 681 1141 multo
711 1077 861 1141 maiorem
888 1076 1004 1140 incutit
1031 1081 1152 1141 metum
1181 1080 1351 1143 cautelam·

198 1200 260 1262 que
285 1182 459 1247 denuntiet.

244 1289 295 1352 63.
321 1285 483 1368 Quantum
506 1308 580 1353 uero
606 1291 728 1353 eeteros
752 1294 895 1372 pastores
915 1289 1042 1354 incuset
1061 1293 1092 1354 et
1111 1292 1229 1374 culpat,
1254 1311 1348 1374 quan·

196 1395 266 1456 tum
292 1394 429 1478 uestigat
452 1398 484 1458 et
508 1394 651 1476 corripit!
677 1395 749 1477 quis
774 1399 823 1460 est
841 1400 907 1460 tem
927 1396 1011 1460 saxei
1032 1396 1134 1462 eordis
1156 1400 1187 1462 et
1206 1397 1349 1462 edomen—
1441 1453 1443 1458 ,

196 1497 281 1562 tinae
314 1498 459 1577 duritiae,
497 1501 551 1584 qui
588 1519 648 1566 non
686 1501 818 1566 audiens
855 1503 1078 1568 intremeseet?
1116 1522 1200 1581 uox,
1235 1504 1350 1586 inquit,

147 1629 176 1672 10
195 1602 511 1672 lamentantium
534 1611 753 1691 pastorum,
778 1610 872 1691 quia
890 1610 1038 1674 misere
1057 1610 1167 1674 feota
1187 1614 1249 1675 est
1270 1611 1349 1694 glo-

197 1713 256 1775 ria
289 1732 439 1789 eorum3
478 1732 551 1779 uox
583 1714 843 1780 frementium
873 1715 1052 1792 leonum,
1092 1717 1166 1798 quia
1202 1717 1280 1780 haeo
1318 1721 1350 1780 et

85 1816 91 1826 '
196 1819 275 1883 haee
305 1821 394 1902 passi
426 1823 509 1885 sunt.
547 1825 579 1885 et
599 1825 771 1903 tamquam
804 1822 835 1885 in
869 1822 1048 1904 praesentia
1080 1841 1116 1887 oo
1149 1823 1208 1888 snb
1247 1823 1348 1888 oeulis

194 1925 453 1992 lamentationem
479 1928 567 2009 ponit
590 1932 623 1993 et
645 1928 736 2012 luget
760 1947 813 1994 eos
838 1930 893 2011 qui
921 1929 1050 2012 indigna
1076 1929 1250 2012 patiuntur.
1279 1932 1347 1994 turn
1376 1935 1393 1987 2

196 2032 307 2096 deinde
331 2035 425 2115 paulo
449 2033 641 2100 inuidiosius
664 2035 779 2118 repetit
798 2039 830 2099 et
849 2037 986 2100 amarius
1006 2036 1208 2118 prosequitur
1226 2036 1347 2103 dioensz

149 2163 176 2206 re
196 2140 357 2221 poscito
377 2142 778 2226 ouesiuguletionis‚
800 2161 899 2224 ques
916 2142 983 2224 qui
999 2143 1348 2226 cooperantiugu·

195 2245 282 2310 lent
315 2266 385 2311 neo
418 2248 713 2331 paenitentiam
747 2253 880 2332 egunt.
917 2249 1027 2313 ethi
1061 2249 1128 2331 qui
1161 2249 1346 2328 uendunt

195 2371 261 2417 eas
296 2353 451 2418 dieunt:
490 2354 732 2419 benedictus
766 2355 965 2432 dominus,
1000 2356 1188 2437 quoniam
1223 2355 1347 2431 ditati

197 2477 343 2524 sumus,
381 2463 419 2524 et
452 2463 640 2542 pastores
674 2479 806 2526 earum
840 2462 944 2526 nihil
977 2463 1244 2544 patiebantur
1276 2480 1347 2527 neo

196 2563 388 2630 dolebant
412 2586 480 2649 pro
509 2567 580 2632 hie.
609 2571 827 2650 propterea
854 2586 928 2632 non
957 2587 1116 2650 paream
1145 2570 1262 2633 ultra*
1283 2568 1345 2631 his

149 2671 263 2752 eoqui
295 2672 482 2737 habitent
513 2677 671 2752 terrem,
706 2673 809 2738 dieit
842 2675 1041 2739 dominus.
1074 2677 1104 2739 et
1136 2674 1252 2739 iterum
1287 2675 1345 2738 ait:

196 2797 379 2863 exsurge,
417 2781 577 2858 framea,
621 2799 741 2864 super
776 2785 968 2864 pastores
1003 2784 1040 2846 et
1081 2786 1251 2863 percute
1284 2799 1344 2864 pe·

196 2889 329 2951 stores
354 2890 393 2950 et
417 2887 526 2967 eripe
552 2906 658 2966 oues,
684 2890 723 2952 et
746 2887 1018 2969 superdueam
1042 2907 1197 2952 monum
1220 2905 1345 2951 meam

195 3013 316 3076 super
354 2997 554 3075 pastores,
588 2997 635 3062 et:
674 2996 806 3058 iratus
841 2997 903 3059 est
935 2995 1048 3058 furor
1081 3013 1190 3060 meus
1225 3012 1346 3076 super

194 3105 394 3182 pastores,
420 3105 458 3164 et
481 3119 602 3184 super
625 3121 749 3184 egnes
773 3101 968 3166 uisitebo.
991 3103 1094 3165 multa
1113 3119 1238 3184 quoque
1257 3099 1350 3165 addit.
1373 3105 1389 3160 3

149 3231 176 3273 ee
195 3211 227 3271 et
249 3207 418 3272 aduersum
442 3209 596 3291 populum
621 3211 653 3272 et
676 3208 846 3274 aduersum
869 3208 979 3292 populi
1009 3208 1105 3272 clunes
1136 3226 1208 3272 oum
1236 3207 1343 3290 ingon-

283 3504 530 3573 3cf.Zach.3‚l
605 3504 705 3558 9ibid.
727 3504 803 3566 11,3
878 3505 912 3558 15
931 3503 997 3568 ibid.
1018 3497 1150 3568 lue-t
1221 3497 1254 3558 '21
1276 3501 1342 3558 ibid.

195 3592 236 3661 13,
256 3594 280 3646 7.
301 3593 334 3648 of.
353 3593 453 3647 Metth.
473 3595 516 3661 26,
536 3593 578 3646 31.
597 3593 678 3646 Mare.
700 3594 741 3662 14,
762 3594 796 3646 27
853 3593 887 3646 23
907 3593 985 3657 Zajnh.
1007 3594 1051 3662 10,
1071 3593 1087 3645 3

231 3821 403 3890 lpertinent
425 3818 534 3888 V‚Op.o.
581 3821 646 3874 2et
664 3820 736 3872 utA
791 3819 905 3888 statum]
925 3819 980 3875 iste
997 3821 1055 3873 tum
1080 3819 1106 3872 V
1148 3819 1342 3874 3suntAn.o.

194 3907 382 3977 quoquomodo
401 3907 488 3962 RAV
503 3907 638 3977 quomodo
662 3906 726 3961 ouo
808 3907 886 3964 hiesu
908 3906 962 3961 ΕΔ
981 3906 1059 3962 ihesu
1083 3907 1109 3964 V.
1177 3923 1206 3960 es
1224 3905 1247 3958 O
1265 3905 1300 3970 erl
1321 3906 1345 3960 0

192 3998 210 4050 4
228 3997 340 4050 zabulus
363 3995 412 4050 ΟΔ
431 3996 555 4050 diabulus
577 3996 601 4051 Ο
645 3999 660 4048 5
680 3997 878 4065 nantellamque
897 3994 1167 4064 nocturnumque
1190 3995 1213 4049 0
1263 3996 1278 4048 7
1299 4011 1342 4048 ao·

193 4089 269 4139 cusat
290 4084 328 4139 Co
368 4085 464 4154 Squis
483 4101 517 4140 ex
535 4085 600 4155 quid
622 4085 742 4154 Opem
783 4085 989 4141 9intremiseut
1006 4084 1146 4152 eonon
1193 4081 1343 4146 1211110

194 4175 226 4228 13
244 4175 317 4244 lugit
341 4174 367 4227 V
436 4178 494 4228 tum
515 4174 623 4244 deinde]
644 4173 745 4228 Tamde
765 4174 828 4228 inde
847 4175 876 4230 R
936 4176 969 4230 14
987 4173 1139 4230 inuidiosus
1158 4175 1186 4230 R
1249 4173 1283 4229 16
1300 4173 1341 4226 hii

191 4261 278 4324 Boe,
299 4279 349 4316 ern.
369 4263 395 4314 A
497 4263 528 4316 11
549 4263 676 4332 queniam
695 4262 821 4318 meditati
845 4263 871 4316 V
974 4263 1006 4316 18
1026 4279 1116 4318 earum
1136 4265 1162 4316 A
1182 4279 1273 4317 eorum
1292 4267 1340 4316 eet.

192 4353 227 4406 24
246 4350 354 4405 eddidit
376 4352 413 4405 Co

1268 4456 1303 4509 4*
