3204 4996
617 441 909 512 Prolcgomeue.
1253 447 1341 512 LVH

189 635 238 698 ita
257 638 377 717 aestum
404 639 456 715 est,
479 639 514 700 ut
542 640 687 717 operante
711 635 838 701 deutera
860 638 1000 722 [sinislra
1022 640 1166 716 nesciret,
1187 639 1237 704 uel
1263 643 1342 704 certe

190 741 316 820 siquid
338 741 385 804 ila
407 761 429 804 a
452 740 541 806 nobis
560 745 680 824 aestum
704 746 755 822 est,
777 746 812 806 nl
836 742 949 806 luceret
972 744 1025 808 lun
1043 749 1148 809 nestra
1167 765 1273 808 eoram
1291 744 1341 807 ho·

190 847 329 912 minibus
344 900 350 912 .
367 896 374 912 .
391 897 399 911 .
414 852 443 910 et
473 868 511 912 eoo
542 848 707 930 discipulis
732 850 924 930 probaretur
952 853 1109 933 mactetur.
1144 851 1232 930 aniel
1264 855 1343 916 certe

191 954 256 1026 na
268 958 388 1036 aestum
420 958 473 1030 est,
511 961 546 1018 nt
576 955 610 1020 hi
642 955 697 1036 qni
732 956 948 1021 subintroeunt
979 957 1152 1038 caplarare·
1172 957 1343 1022 libertatem

191 1063 331 1124 nostram
346 1111 354 1124 .
370 1109 377 1124 .
393 1109 399 1124 .
415 1060 523 1125 dicant
541 1063 617 1141 quia
636 1081 709 1125 uere
728 1061 803 1126 dens
821 1063 857 1125 in
876 1063 965 1127 uobis
983 1067 1030 1127 est
1044 1112 1052 1127 .
1067 1112 1074 1126 .
1088 1111 1095 1128 .
1109 1069 1138 1128 et
1151 1068 1342 1129 ueneratur?

190 1165 274 1230 falso
297 1167 327 1230 si
350 1168 444 1232 etiam
470 1172 542 1232 ante
567 1167 644 1250 qnid
667 1173 744 1232 certe
769 1189 786 1232 a
808 1169 917 1236 Remu
942 1169 1083 1244 additum
1108 1170 1234 1234 tertiam
1259 1171 1342 1234 enim

191 1274 472 1357 interrogationem
500 1275 651 1340 directam
681 1295 751 1341 esee
779 1275 894 1342 uoculc
917 1279 995 1340 certe
1018 1276 1197 1358 postposita
1220 1273 1344 1362 (cantra

191 1379 248 1443 lin.
274 1383 292 1442 5
317 1379 368 1444 nel
394 1385 473 1444 certe
499 1384 529 1446 si
557 1381 647 1470 quid)
676 1390 814 1466 apparet.
838 1421 881 1430 -
907 1379 984 1465 195,
1009 1379 1052 1446 24
1074 1383 1228 1462 proxima
1254 1383 1344 1446 nubis

192 1485 335 1552 ostendat
357 1487 490 1564 auxilia,
518 1493 553 1552 at
575 1488 708 1554 uelimus
730 1493 758 1552 et
780 1488 896 1564 adsint,
926 1491 1106 1552 inuocemus
1128 1493 1155 1552 et
1177 1493 1344 1569 antequam

192 1592 334 1658 dieamus
364 1599 492 1676 praesto
521 1596 701 1673 0111111012
734 1600 902 1677 antequam
933 1597 1029 1661 etiam
1062 1597 1133 1659 ante
1163 1596 1344 1660 inuocemus

194 1698 301 1762 addito
326 1719 454 1765 sensum
478 1702 713 1784 pessumdedit;
738 1703 849 1766 uolens
870 1702 952 1766 enim
973 1701 1230 1766 circumscribere
1251 1700 1344 1767 Grae·

196 1824 267 1868 cum
292 1806 429 1891 θελῆσαι
452 1807 501 1871 δεῖ
521 1809 624 1893 μόνον,
652 1810 786 1894 ὁρμῆσαι
810 1809 905 1893 μόνον
927 1807 1060 1872 Rufinus
1084 1807 1215 1872 uelimus
1238 1811 1266 1871 et
1288 1808 1346 1871 ad·

194 1913 260 1974 sint
286 1913 426 1977 narinuit
453 1915 560 1979 uerbis
588 1917 769 1980 innoeernas
797 1913 882 2000 (scil.
909 1912 1025 2000 mente)
1054 1918 1083 1976 et
1109 1917 1272 1994 antequam
1299 1913 1345 1977 di·

196 2036 305 2082 earnns
321 2023 451 2098 praesto
472 2021 545 2084 sint.
570 2057 613 2066 -
639 2019 716 2103 141,
740 2021 787 2087 20
810 2022 846 2084 in
869 2023 995 2083 animae
1018 2019 1191 2084 thesauro
1208 2039 1347 2100 pennae

195 2122 319 2204 aliquid
351 2131 380 2190 et
405 2132 592 2208 pernarum
624 2127 830 2192 recondamus
858 2127 992 2192 Rufinus
1025 2127 1154 2209 scripsit
1186 2125 1346 2190 thesauros

196 2231 250 2294 uel
272 2233 379 2312 polius
403 2233 587 2300 thensauros
610 2243 642 2298 et
664 2235 745 2300 falso
770 2234 866 2299 erasit
888 2234 970 2298 uma
995 2234 1185 2310 alterum-s,·
1209 2233 1346 2314 praefert

196 2337 280 2400 euim
314 2341 449 2423 scriptor
480 2343 635 2422 pluralem
668 2343 757 2408 uocis
791 2361 886 2406 sensu
920 2341 1073 2405 translato
1102 2340 1271 2417 adhibitae,
1305 2341 1346 2404 cf.

198 2445 250 2520 73,
277 2448 293 2509 1
324 2446 484 2512 thesauros
511 2450 669 2524 scientiae,
698 2450 773 2526 239,
799 2451 841 2512 22
870 2447 1010 2510 thesauri
1038 2445 1173 2529 linquae,
1203 2447 1278 2525 243,
1303 2447 1344 2510 18

195 2550 337 2615 11000ον1
353 2553 423 2616 irae
438 2552 498 2629 dei,
514 2555 589 2631 258,
607 2555 658 2634 18,
674 2559 706 2620 01
724 2555 888 2618 recondere
901 2555 937 2616 in
952 2572 1023 2618 cum
1044 2553 1227 2617 accusatius
1243 2552 1346 2617 dicere

198 2657 290 2735 solet,
313 2658 370 2723 ubi
393 2659 569 2724 collocandi
592 2661 678 2725 notin
703 2661 732 2724 in
758 2661 854 2724 uerbo
879 2660 971 2735 inest,
997 2658 1036 2722 cf.
1063 2660 1134 2738 146,
1154 2661 1184 2722 5.
1208 2659 1227 2720 6
1251 2656 1347 2736 refec-

197 2767 294 2828 tionis
325 2764 477 2849 reliquias
491 2815 499 2829 .
513 2817 519 2828 .
533 2769 570 2830 in
597 2767 758 2830 duodecim
786 2764 934 2846 eoplriuos
949 2815 955 2826 .
971 2813 999 2828 ..
1018 2767 1054 2828 in
1080 2767 1196 2844 septem
1221 2767 1348 2842 emortus

197 2871 374 2947 recondere,
397 2874 472 2949 256,
499 2875 516 2937 7
541 2893 653 2937 messes
680 2875 715 2937 in
736 2872 849 2936 horrea
871 2891 975 2934 arares
997 2868 1168 2934 recondant
1190 2869 1245 2954 lei.
1270 2869 1346 2945 257,

201 2976 271 3062 16);
295 2979 351 3044 ubi
374 2984 481 3044 autem
504 2983 540 3044 in
564 2999 636 3044 cum
660 2981 800 3045 ablatiuo
825 2980 952 3063 legitur,
978 2977 1158 3042 occultandi
1180 2977 1230 3041 uis
1250 2975 1346 3040 uerbo

200 3086 367 3164 subicitur,
396 3088 435 3150 ci.
466 3089 538 3165 123,
566 3089 608 3151 28
638 3085 742 3173 (deus)
775 3106 917 3151 occasion
944 3083 1122 3165 splendoris
1149 3084 1201 3146 sni
1228 3085 1263 3145 in
1289 3082 1348 3146 hac

198 3191 259 3256 uili
281 3197 310 3256 et
331 3193 443 3258 humili
466 3214 560 3258 earne
581 3199 690 3258 nostra
713 3192 861 3258 recondit.

246 3298 362 3365 Contra
380 3300 556 3365 mirandum
577 3306 636 3380 est,
662 3300 747 3382 quad
766 3319 811 3364 ue
832 3299 928 3364 aliis
949 3297 1109 3380 quidem
1130 3296 1347 3362 codicibus

200 3407 561 3488 adstipulantibus
604 3407 761 3471 codicis
798 3406 826 3470 R
868 3405 1103 3470 auctoritas
1140 3403 1347 3468 Wrobclic

200 3517 315 3577 tauta
351 3514 440 3577 uisa
479 3518 549 3595 001,
586 3519 630 3577 ut
666 3514 753 3578 eius
792 3511 1014 3576 lectionem
1046 3509 1253 3591 reciperet
1284 3509 1351 3573 his

201 3621 321 3687 lucis:
349 3619 405 3704 38,
435 3619 478 3686 23
506 3625 562 3686 001
591 3622 671 3685 00110
697 3619 784 3684 stulti
811 3618 890 3682 mihi
918 3617 1068 3681 uidentur
1095 3623 1152 3680 ant
1178 3617 1348 3691 temerarii,

200 3746 392 3809 quamquam
427 3748 463 3792 er
494 3731 583 3810 parte
612 3728 769 3792 succurrit
796 3730 902 3790 textus
932 3723 1073 3789 Graecus
1100 3723 1169 3789 λίαν
1197 3722 1272 3789 eluat
1299 3743 1351 3806 μοι

200 3833 340 3917 φαίνεται
368 3834 507 3919 ἀνοήτων
533 3839 553 3920 ἡ
580 3834 753 3920 τολμηρῶν,
780 3836 886 3898 tamen
915 3850 988 3895 cum
1011 3829 1065 3895 Rc
1089 3831 1186 3894 uerba
1208 3834 1350 3911 transpo-

202 3941 302 4005 nenda
332 3945 406 4004 suut
438 3946 493 4004 ant
523 3941 635 4006 stalli
666 3939 758 4004 mihi
788 3939 885 4003 00110
916 3935 1067 4001 uidentur
1098 3941 1154 4000 ant
1180 3937 1349 4012 temerarii,

203 4046 286 4128 quod
309 4049 400 4129 plane
425 4048 529 4112 simile
553 4047 723 4113 uerborum
748 4045 966 4112 collocationis
992 4043 1170 4126 exemplum
1195 4044 1349 4120 0101014,

201 4156 222 4216 2
246 4159 355 4218 notae
382 4155 452 4219 tibi
474 4155 571 4218 satis
594 4159 623 4218 el
638 4153 822 4236 familiares
845 4169 962 4216 snmus.
985 4185 1029 4196 —
1052 4148 1109 4232 119,
1133 4147 1175 4214 21
1200 4146 1350 4234 (Moyses)

201 4259 326 4323 tabulas
348 4261 489 4342 smehrit,
513 4261 556 4324 ael
577 4259 810 4324 multitudinem
829 4257 954 4337 quictem
971 4255 1062 4338 aulai
1080 4255 1202 4319 tabulas
1221 4254 1351 4333 litterae,

203 4366 246 4430 acl
269 4387 318 4432 eos
336 4372 450 4442 antem,
475 4367 529 4452 qni
547 4367 676 4447 capiunt
695 4386 772 4446 qaae
790 4369 864 4428 0001
882 4365 1024 4444 spiritus,
1043 4361 1168 4426 tabulas
1186 4362 1351 4441 scriptas
