3228 4978
559 357 619 410 VII.
638 357 684 410 De
703 358 987 411 reconciliatione
1008 359 1120 412 10-12.
1347 366 1408 428 221

265 555 477 630 subiecerunt,
502 571 558 616 nec
581 552 727 617 inimicos
752 569 806 616 eos
831 552 1072 634 indicassemus,
1096 555 1150 636 qui
1168 537 1412 637 per'oonsonan-

264 660 341 724 tiam
365 659 439 723 fidei
457 658 570 723 fratres
591 677 624 722 sc
644 661 676 722 et
695 659 944 743 consanguineos
965 659 1183 744 designabant,
1207 661 1284 726 licet
1301 683 1412 746 parum

265 766 341 850 qnid
369 766 407 830 de
434 769 563 848 paterna
591 765 793 830 successione
820 765 902 829 inter
925 783 959 830 se
984 766 1196 831 desciscerent
1218 788 1278 832 non
1303 769 1412 833 hostili

264 872 396 939 discidio
430 872 484 936 sed
513 872 677 936 simultate
705 873 850 949 butema,
884 872 1116 937 contentionem
1147 874 1273 955 quidem
1303 893 1410 939 eornm

231 981 524 1061 ssimnltatemqne
548 979 677 1042 minime
701 977 914 1057 landanimus,
938 979 1012 1044 fidei
1034 983 1139 1044 tamen
1164 981 1266 1044 nelnm
1293 983 1411 1046 confes-

263 1088 447 1167 sionemque
480 1085 680 1166 suscepimus
713 1085 949 1172 considerantes
981 1086 1040 1150 hoc
1075 1086 1158 1168 quod
1190 1087 1282 1151 facile
1310 1089 1412 1152 curari

265 1197 398 1275 possunt
425 1193 580 1256 hnmanae
609 1192 835 1269 dissensiones,
865 1193 897 1257 in
927 1193 1042 1275 quibus
1070 1213 1129 1276 pax
1157 1194 1231 1259 fidei
1259 1197 1290 1259 ot
1313 1196 1412 1278 pieta-

262 1301 304 1365 tis
337 1301 456 1365 ueritas
489 1301 623 1365 constat.
661 1301 827 1382 propterea
858 1320 931 1384 ergo
966 1301 1177 1384 suscepimus,
1214 1303 1251 1366 ut
1283 1302 1411 1386 pietatis
1439 1313 1455 1364 2

263 1407 453 1490 praedicatio
482 1409 515 1471 et
538 1407 644 1504 cultus
666 1407 791 1488 piorum
815 1408 974 1472 consortio
998 1425 1035 1472 ac
1059 1408 1211 1472 societate
1235 1409 1410 1491 proficeret,

218 1533 244 1575 ro
263 1517 294 1578 et
320 1514 351 1577 in
380 1517 504 1577 tontum
528 1514 625 1578 furati
648 1533 759 1578 sumus
782 1515 868 1578 furta
891 1515 1044 1594 caritatis,
1072 1535 1133 1581 non
1157 1519 1194 1580 ut
1218 1515 1410 1581 domesticos

260 1620 453 1703 fugaremus
493 1620 548 1684 sed
586 1625 621 1684 nt
658 1621 816 1685 sociorum
849 1622 1056 1686 multitudine
1089 1641 1313 1687 cresceremus.
1350 1642 1409 1687 nos

262 1747 336 1792 uero
368 1728 469 1792 multo
504 1731 535 1791 et
567 1746 652 1791 mero
682 1727 796 1808 spiritu
823 1728 983 1792 feruentes
1012 1748 1138 1793 omnem
1165 1728 1290 1792 litterae
1318 1729 1409 1793 relin-

262 1837 393 1915 quentes
417 1827 617 1897 intellectum
642 1833 682 1896 ad
706 1833 811 1897 solum
835 1833 982 1914 spiritum
1009 1834 1199 1917 confugistis
1224 1834 1302 1897 nihil
1325 1853 1409 1917 pror·

262 1959 316 2004 sus
335 1939 505 2003 uerborum
525 1938 724 2020 simplicitati
744 1942 777 2002 et
794 1939 889 2002 rebus
911 1938 1092 2003 risibilibns
1113 1939 1330 2004 concedentes.
1350 1958 1408 2004 nos
1437 1957 1453 2008 3

216 2063 243 2106 15
262 2050 379 2123 autem,
400 2047 454 2128 qni
473 2047 533 2110 lucc
552 2046 656 2110 solum
675 2045 797 2126 inpium
818 2045 976 2124 ducimus,
997 2046 1025 2112 si
1044 2047 1115 2129 quis
1134 2066 1195 2112 non
1214 2046 1245 2110 in
1261 2046 1408 2110 omnibus

260 2153 378 2234 absque
403 2154 469 2217 ullo
492 2172 622 2234 prorsus
648 2153 835 2217 offendiculo
861 2153 898 2217 de
922 2153 1063 2217 trinitate
1088 2153 1204 2218 sentiat
1228 2156 1259 2217 et
1284 2153 1321 2217 de
1345 2172 1409 2217 una

260 2259 366 2324 saltim
387 2260 492 2342 aliqua
512 2279 547 2323 ex
565 2259 668 2324 tribus
683 2279 818 2342 persona
832 2260 937 2324 minus
952 2261 1072 2342 aliquid
1087 2265 1143 2324 ant
1155 2261 1288 2325 inferius
1305 2260 1408 2324 dicere

260 2365 383 2442 audeat,
404 2386 541 2448 aequum
560 2369 654 2448 atque
674 2366 758 2430 idem
777 2385 848 2430 csse
867 2366 1024 2431 oredimus
1044 2367 1076 2430 in
1095 2387 1159 2432 una
1176 2387 1310 2450 persona
1324 2367 1408 2449 qnod

261 2475 293 2536 et
315 2473 346 2537 in
370 2472 512 2538 trinitate
535 2492 674 2557 peccare.
703 2491 764 2537 una
789 2473 871 2536 enim
896 2473 996 2537 deitas
1020 2474 1174 2538 trinitatis
1199 2478 1230 2537 et
1253 2493 1350 2537 unum
1375 2473 1407 2536 in

216 2597 243 2640 so
262 2580 413 2644 utrolibet
440 2581 601 2664 piaculum
630 2581 793 2662 inpietatis
818 2580 1007 2645 admittitur.
1035 2583 1202 2663 propterea
1224 2600 1284 2644 noo
1309 2579 1407 2662 patie-

259 2687 370 2750 bamur
388 2687 617 2752 dissensionem
638 2706 762 2750 manere
782 2688 968 2765 animorum,
987 2688 1019 2750 in
1039 2687 1155 2769 quibus
1174 2685 1321 2748 manebat
1336 2705 1405 2749 oon-

261 2793 366 2856 oordia
389 2793 463 2857 fidei
487 2797 519 2858 et
542 2794 573 2856 in
599 2794 714 2876 qnibns
740 2793 850 2857 eadem
874 2794 1082 2858 confessionis
1105 2793 1206 2859 forma
1230 2792 1406 2856 constabat.

307 2901 357 2962 12.
386 2899 427 2962 Ilt
451 2899 527 2981 qnid
549 2900 595 2963 ita
617 2901 763 2982 paratum
788 2905 837 2964 est
861 2899 900 2963 ad
924 2900 1123 2965 concordiam
1147 2899 1208 2976 his,
1232 2899 1287 2981 qni
1311 2898 1406 2962 deum

259 3008 460 3086 puramente
479 3010 678 3084 uenerantur,
698 3026 791 3088 qnam
813 3026 912 3070 noum
931 3010 1025 3086 otqne
1039 3007 1123 3071 idem
1140 3005 1256 3070 sentire
1271 3006 1309 3069 dc
1327 3005 1406 3069 deo?
1489 3021 1494 3030 ’

213 3131 240 3173 aa
260 3111 345 3176 sicut
365 3131 381 3176 e
400 3113 555 3179 contrario
574 3112 654 3178 nihil
672 3118 737 3177 tam
757 3117 902 3196 paratum
922 3119 971 3178 est
990 3114 1029 3177 ad
1048 3112 1293 3196 discrepantiam
1312 3131 1405 3195 qnam

260 3217 428 3284 diuersitas
452 3219 536 3285 fidei.
565 3224 641 3285 tunc
665 3221 749 3285 enim
772 3240 846 3294 nere
870 3225 902 3285 et
926 3225 1111 3285 mansuetus
1137 3221 1273 3302 quisque
1297 3239 1407 3285 secun·

294 3462 310 3512 2
329 3460 427 3514 fratres
446 3479 475 3514 se
495 3463 533 3530 (se
553 3479 574 3516 s.
594 3463 611 3515 i.
631 3461 663 3528 0)
684 3478 741 3515 esse
759 3447 796 3516 Oc
833 3462 848 3515 3
869 3462 1043 3515 dissiscerent
1060 3462 1168 3530 0,0a.c.
1189 3462 1364 3517 dissiscerent
1383 3463 1405 3516 V

259 3549 439 3603 desciscerent
458 3551 516 3604 siue
536 3550 734 3604 dissiderento
789 3549 970 3603 ifratemam
993 3549 1043 3602 ΟΛ
1098 3549 1244 3603 bhaeoC
1314 3567 1405 3605 curare

257 3634 360 3694 Reae.
416 3639 676 3693 idissessionesO
728 3640 851 3693 8nirtns
871 3639 1065 3709 (alacritas)
1085 3639 1112 3691 A
1161 3639 1313 3709 9piorum]
1334 3641 1404 3710 prio-

257 3745 351 3783 rnmo
395 3730 424 3782 11
446 3745 495 3781 uos
516 3745 579 3797 ergo
595 3730 622 3780 A
666 3730 698 3782 12
717 3745 821 3783 merore
840 3729 951 3797 spiritus
970 3731 1001 3794 (s.
1020 3728 1033 3780 l
1051 3744 1123 3781 mero
1144 3728 1252 3797 spiritu)
1270 3731 1298 3781 A
1352 3731 1405 3798 spi-

257 3818 325 3870 ritus
345 3820 372 3872 R
473 3818 507 3871 13
526 3818 687 3886 confugistis
707 3820 729 3885 (s
744 3834 789 3886 pr.
808 3834 828 3872 a.
851 3819 879 3885 1.)
898 3815 925 3872 R
1006 3818 1040 3870 15
1060 3817 1083 3870 si
1103 3817 1163 3887 quis
1183 3817 1298 3885 A‚Rp.o.
1317 3818 1340 3870 si
1360 3818 1405 3887 qui

256 3905 432 3960 Rc.c.OOVc
483 3906 517 3960 16
536 3906 591 3959 ullo
611 3922 663 3960 om.
683 3909 709 3959 A
774 3905 1009 3960 offenadiculoO
1068 3906 1105 3976 et]
1125 3922 1173 3960 sen
1195 3905 1244 3957 OA
1292 3907 1324 3960 17
1344 3924 1404 3976 per-

257 3997 330 4048 sonis
354 3995 378 4050 V
461 3996 661 4065 minus—quod
680 3999 709 4048 et
726 4011 747 4049 s.
768 3997 785 4049 l.
808 3997 830 4051 0
905 3997 936 4050 18
955 3997 983 4065 in
1002 4012 1083 4049 unam
1101 3997 1308 4064 personam-in
1326 3996 1404 4049 trini·

256 4089 342 4138 tatem
362 4088 388 4138 A
459 4086 491 4139 19
510 4086 538 4138 in
553 4102 598 4154 pr.
618 4084 716 4139 om.O
783 4087 817 4139 20
836 4085 1022 4154 utroquelibet
1040 4083 1094 4138 Ro
1159 4085 1192 4137 21
1214 4083 1404 4148 discessionem

256 4178 285 4242 (n
304 4191 326 4229 s.
346 4176 414 4243 s)0
485 4176 635 4228 animarum
653 4174 681 4228 R
754 4175 878 4229 manebat
897 4180 923 4242 (a
942 4175 1048 4240 s.a)O
1110 4175 1310 4228 serenaretur
1331 4175 1403 4229 Coc.

256 4264 290 4316 26
311 4266 424 4334 quisque
446 4265 585 4332 OA‚Rp,c.
605 4265 705 4334 quique
723 4264 873 4319 Rc.c.OVu
