3194 4982
551 403 597 457 IV.
617 403 662 456 De
681 406 879 473 pentecoste
899 404 996 458 8-10.
1286 409 1348 472 153

196 599 522 682 inconprehensibilis,
550 599 803 678 inaestimabilis,
830 598 887 663 ubi
911 618 971 664 uon
996 600 1144 683 qualitas,
1169 621 1228 667 non
1253 621 1348 684 qnan-

195 709 284 787 titas,
316 726 377 771 non
411 706 534 790 species
566 706 643 783 ulla,
676 723 737 769 nou
771 723 884 788 corpus
919 708 978 784 est,
1012 725 1049 770 ex
1079 712 1181 772 semet
1213 707 1284 790 ipso
1313 727 1348 773 ac

197 832 323 896 semper
343 813 469 896 uigens,
493 811 591 876 libere
615 829 724 894 agens,
748 812 892 892 propriae
916 812 1085 894 potentiae,
1111 813 1214 878 omnis
1239 817 1348 896 poten-

197 921 271 997 tiae,
287 940 304 984 a
323 938 386 1002 quo
406 921 438 983 et
456 918 496 982 ad
514 918 649 1001 primam
669 917 810 982 omnium
826 917 991 1001 originem,
1010 919 1065 1001 qui
1085 921 1134 984 est
1149 922 1247 1001 pater,
1264 920 1349 984 sicut

147 1032 229 1094 ,set
261 1026 418 1111 unigeniti
447 1025 562 1102 omnia,
589 1025 635 1088 ita
663 1024 759 1088 etiam
789 1024 891 1088 sancti
919 1023 1050 1107 spiritus
1077 1025 1265 1091 referuntur.
1296 1027 1347 1091 hic
1375 1033 1392 1086 3

198 1137 230 1198 et
251 1133 321 1198 nita
346 1135 395 1197 est
419 1136 451 1197 et
473 1132 652 1208 uiuificans,
676 1131 731 1195 lux
755 1133 787 1194 ct
809 1130 1012 1206 inluminans,
1036 1131 1139 1196 bonus
1159 1135 1192 1196 et
1210 1133 1347 1211 bonitas,

197 1240 329 1322 spiritus
353 1243 469 1318 rectus,
493 1238 625 1321 spiritus
649 1237 843 1320 principalis,
871 1238 925 1319 qui
949 1242 999 1303 est
1022 1237 1169 1303 domiuus
1195 1239 1346 1317 omnium,

197 1347 327 1410 mittens
360 1345 533 1427 apostolos,
567 1362 715 1426 separans
744 1343 806 1409 sibi
833 1345 1007 1422 ministros,
1041 1345 1160 1428 templa
1179 1338 1258 1410 'sibi
1277 1346 1347 1428 ipse

198 1453 404 1529 constituens,
432 1452 588 1533 inspirans
617 1450 672 1515 ubi
704 1450 786 1527 uult,
819 1451 964 1516 diuideus
998 1451 1183 1516 donationes
1216 1451 1347 1534 spiritus

152 1575 178 1620 10
197 1563 293 1642 prout
312 1559 410 1636 ‘uult
453 1558 586 1640 spiritus
623 1557 813 1639 adoptionis,
852 1558 983 1638 spiritus
1021 1559 1175 1636 ueritatis,
1215 1559 1346 1641 spiritus

197 1665 370 1748 sapientiae
394 1669 426 1730 et
448 1665 631 1729 intellectus
656 1671 688 1728 ct
711 1664 862 1728 scientiae
890 1668 923 1729 et
945 1665 1073 1747 pietatis
1102 1668 1134 1730 et
1162 1665 1288 1730 consilii
1315 1670 1348 1730 et

197 1771 328 1836 uirtutis
355 1775 389 1834 et
414 1771 539 1835 timoris
568 1771 633 1846 daia
666 1790 723 1851 per
750 1789 844 1851 quem
872 1773 962 1853 pater
991 1771 1174 1854 agnoscitur
1201 1774 1234 1838 et
1260 1771 1346 1836 filius

198 1878 394 1962 glorificatur
426 1881 460 1942 et
490 1897 507 1942 a
540 1878 658 1959 quibus
690 1877 767 1943 solis
800 1878 869 1958 ipse
899 1877 1114 1960 cognoscitur3
1149 1897 1230 1942 unus
1260 1878 1345 1955 ordo,
1391 1897 1393 1900 ·

198 2004 281 2050 unus
301 1987 417 2063 cultus,
441 2005 503 2049 uua
522 1985 692 2063 ueneratio,
717 2004 779 2049 una
798 1985 910 2061 uirtus,
930 2003 992 2048 uua
1010 1984 1162 2067 perfectio
1182 1985 1214 2048 et
1233 1985 1347 2049 sancti·

154 2111 180 2155 rs
199 2092 313 2156 ficatio.
341 2095 374 2156 et
401 2091 477 2174 quid
506 2111 585 2174 opus
614 2094 663 2155 est
691 2091 836 2171 pluribus
864 2090 992 2155 uerbis?
1022 2092 1126 2157 omnia
1154 2109 1234 2172 quae
1256 2093 1347 2173 pater
1372 2101 1390 2152 4

200 2203 258 2277 est,
277 2199 355 2264 haec
375 2202 424 2264 est
443 2198 578 2262 attilius
598 2201 726 2280 excepto
747 2217 783 2263 eo
803 2198 887 2280 quud
905 2198 1031 2262 innatus
1051 2202 1101 2262 est
1118 2201 1220 2280 pater3
1241 2197 1346 2261 omnia

198 2325 278 2388 quae
301 2306 386 2371 iilius
411 2309 469 2386 est,
496 2306 574 2370 haec
598 2309 649 2370 est
670 2309 702 2370 et
724 2305 855 2387 spiritus
879 2308 1007 2370 sanctus
1032 2308 1155 2388 praeter
1177 2305 1237 2370 hoo
1261 2304 1347 2387 quod
1383 2311 1387 2316 ’

199 2415 293 2478 natus
318 2415 367 2477 est
388 2412 486 2477 filius.
509 2412 564 2476 sed
588 2413 666 2477 baec
689 2431 749 2477 non
774 2411 986 2477 substantiam
1010 2415 1167 2493 separant,
1193 2412 1249 2476 sed
1273 2431 1347 2496 erga

200 2519 411 2584 substantiam
435 2518 665 2582 discernuntur.

151 2649 179 2692 so
246 2625 294 2689 10.
318 2625 419 2692 Uideo
437 2629 480 2702 tc,
500 2625 648 2705 heretice,
669 2625 933 2690 contradictiones
952 2624 1193 2707 parturientem
1214 2623 1270 2688 sed
1288 2642 1346 2706 ego

199 2751 328 2798 cursum
361 2732 450 2797 uerbi
481 2731 607 2797 tenebo.
639 2731 830 2796 honoremus
865 2732 947 2795 diem
979 2731 1011 2794 in
1044 2731 1182 2796 aduentu
1215 2728 1346 2813 spiritus

200 2839 310 2903 sancti.
339 2838 461 2917 cobibe,
493 2839 520 2903 si
548 2837 701 2920 possibile
730 2841 788 2914 est,
818 2857 986 2920 parumper
1013 2839 1155 2921 linguam
1184 2840 1282 2901 tuam.
1309 2837 1347 2900 de

201 2945 272 3009 aliis
296 2945 379 3009 enim
402 2945 521 3029 linguis
546 2944 648 3010 dicere
677 2950 856 3010 commonet
883 2947 1024 3026 tempus;
1054 2944 1126 3008 istis
1157 2943 1348 3008 caelestibus

242 3189 244 3192 ·
290 3168 520 3238 ecf.10h.3‚8
576 3167 837 3233 calcariam
893 3170 925 3222 10
945 3168 979 3224 ci.
999 3169 1075 3223 Rom.
1095 3169 1171 3236 8,15
1227 3168 1339 3222 cillsai
1439 3228 1453 3239 ,

203 3260 325 3323 11,2.3

238 3419 254 3470 1’
273 3418 319 3472 ubi
337 3435 390 3471 non
410 3417 536 3488 qualitas,
555 3435 608 3472 nou
629 3417 768 3486 quantitas
793 3415 905 3483 (ἄποιον,
926 3415 1036 3481 ducaei)
1056 3416 1112 3472 ΕΟ
1135 3418 1181 3471 nbi
1205 3435 1259 3471 non
1283 3435 1349 3487 qua-

200 3507 266 3561 litas
284 3507 332 3560 ubi
349 3524 404 3561 nou
424 3507 562 3576 quantitas
581 3513 630 3562 cet.
684 3507 700 3560 3
720 3506 908 3577 potententiae
923 3505 951 3559 R
1006 3507 1091 3559 omnis
1111 3508 1300 3575 potententiae
1319 3505 1349 3574 0,

202 3612 253 3650 om.
277 3595 303 3649 V
381 3597 398 3650 4
418 3611 433 3649 a
453 3612 505 3664 quo
526 3597 562 3664 et]
583 3597 636 3648 etsi
656 3594 689 3660 (εἰ
707 3597 760 3662 acl)
778 3595 888 3648 mauult
911 3595 1021 3648 Wrobel
1099 3596 1114 3647 5
1135 3594 1168 3648 ab
1188 3598 1220 3662 (s.
1240 3596 1271 3664 l.)
1290 3594 1350 3647 nui-

203 3685 296 3752 genito
314 3685 344 3740 R
424 3685 464 3738 ita
488 3684 570 3737 etiam
590 3690 634 3738 sto
655 3690 704 3753 spu
724 3689 751 3749 (o
771 3690 796 3738 ct
815 3685 913 3753 upa.)
933 3684 960 3738 R
977 3685 1018 3738 ita
1037 3684 1120 3737 etiem
1140 3686 1230 3736 omnia
1249 3685 1287 3736 sci
1306 3689 1351 3752 sps

206 3774 243 3828 Oc
262 3775 346 3827 etiam
364 3773 404 3826 ita
423 3773 461 3826 sci
480 3779 526 3842 spa
544 3775 572 3828 A
644 3773 707 3842 sibi]
727 3774 785 3826 siue
804 3772 839 3840 R,
860 3789 910 3826 cm.
930 3773 957 3825 A
1029 3772 1097 3842 ipse]
1117 3773 1145 3825 in
1164 3788 1193 3826 se
1212 3771 1240 3828 R
1258 3773 1311 3842 ipsi
1325 3773 1351 3824 A

203 3863 220 3917 9
239 3864 345 3932 spirans
366 3862 404 3917 Oe
422 3862 558 3932 inspirans
578 3862 632 3916 sibi
651 3863 678 3918 R
763 3862 961 3916 dominationes
984 3861 1057 3917 Oea.
1149 3862 1270 3930 spiritus]
1290 3877 1352 3914 suas

205 3955 249 4019 (ec
267 3951 516 4020 compendiatecta
534 3952 671 4006 intellecto
690 3952 886 4020 deprecatum)
906 3952 976 4004 coeci.
995 3950 1177 4020 Eupeltrecbt
1220 3950 1250 4003 11
1270 3950 1352 4004 intel·

204 4040 292 4094 lectus
312 4040 457 4094 etom.O
548 4041 580 4094 13
599 4039 784 4110 ipse]esseR
857 4039 891 4092 14
910 4040 998 4093 cultos
1017 4043 1044 4103 (v
1063 4055 1084 4093 a.
1104 4037 1172 4106 o)R
1254 4042 1354 4092 etune

203 4129 290 4182 uirtus
309 4130 337 4182 A
392 4130 426 4184 16
445 4130 512 4184 haec
532 4132 720 4183 est-sauctus
739 4131 847 4198 praeter
865 4145 951 4183 om.c
1025 4131 1052 4182 et
1070 4143 1122 4181 cuc.
1145 4128 1171 4181 V
1209 4129 1256 4182 -18
1276 4144 1353 4198 sepa·

204 4221 296 4272 rantes
318 4215 355 4272 Co
409 4217 444 4273 20
463 4218 689 4273 contradictionis
705 4216 750 4271 Ο*
780 4217 980 4271 21adinentum
996 4218 1055 4271 RV
1106 4218 1141 4270 22
1159 4233 1266 4286 parum*
1283 4216 1353 4282 Quid

203 4307 326 4376 linguam
346 4309 375 4377 (p
394 4311 477 4376 cras.)
500 4307 633 4378 Operum
653 4306 718 4376 quid
737 4308 888 4376 linguamc
944 4306 977 4360 23
998 4306 1068 4359 enim
1088 4321 1138 4358 oua
1163 4305 1188 4357 V
