3204 4996
638 415 930 484 Prologomcna.
1270 423 1359 486 XXV

209 613 392 698 μιάσματος,
417 611 458 686 ὡς
482 609 633 694 ἐροὺντων
651 631 689 694 γε
713 631 763 695 με·
809 631 867 674 aas
903 632 1069 675 rursum:
1104 615 1133 677 si
1165 615 1360 678 inmunditia

208 719 416 805 ταλαμβάνειν
453 719 506 780 καὶ
543 720 584 802 μὴ
616 717 762 800 καθαρὸν
807 718 969 799 cantiperit
996 716 1212 782 uestimentum
1239 721 1358 794 mnndi,

211 827 312 912 μένειν
334 835 372 909 τῇ
396 823 548 909 κοινωνία
728 831 732 840 ’
808 828 914 886 aetram
934 824 1058 903 polluat
1081 829 1174 889 eum?
1199 832 1233 890 et
1260 823 1358 891 diac-

808 935 905 1010 rnnt‚
930 932 1021 1012 qnia
1042 931 1189 1011 polluit.

257 1075 466 1156 Interpretem
492 1073 618 1137 dedisse
643 1090 780 1156 operam,
805 1077 842 1136 ut
861 1077 892 1137 et
912 1074 1086 1157 scripturae
1107 1093 1213 1140 sacrae
1234 1080 1266 1139 et
1285 1075 1360 1141 Gre-

211 1182 311 1266 gorio,
337 1180 391 1262 qui
416 1199 544 1244 sensum
568 1178 671 1262 magis
696 1198 791 1260 quam
814 1178 912 1244 uerba
940 1179 1115 1262 scripturae
1140 1199 1246 1245 sacrae
1271 1199 1358 1264 spec-

209 1288 310 1365 tabat,
335 1285 543 1362 satisfaceret,
569 1288 707 1367 apparet.
733 1304 814 1367 quac
837 1285 953 1350 littoris
983 1283 1121 1351 diductis
1149 1285 1360 1369 imprimenda

212 1394 406 1470 antonimus,
440 1391 479 1456 ad
510 1395 616 1456 tortus
648 1391 758 1456 biblici
791 1393 924 1456 formam
956 1391 1079 1478 redegit
1110 1393 1254 1472 Rufinus,
1288 1413 1360 1458 oum

212 1501 335 1584 reliqua
359 1500 397 1563 ad
423 1499 569 1583 Gregorii
593 1497 690 1562 uerba
713 1499 975 1590 accommodaret.

259 1625 311 1692 Or.
334 1627 350 1689 Ι
374 1625 414 1688 61
443 1621 614 1706 Gregorius
634 1622 710 1686 Mal.
736 1623 764 1691 1,
786 1623 814 1687 fi.
836 1625 853 1686 7
874 1623 906 1686 ἐν
929 1622 984 1687 τίνι
1007 1622 1216 1708 ἐφαυλίσαμεν
1238 1626 1274 1688 τὸ
1293 1626 1361 1688 ὀνο-

213 1733 256 1818 μά
277 1753 348 1814 σου;
365 1730 578 1815 προσάγοντες
597 1730 674 1813 πρὸς
693 1730 728 1792 τὸ
748 1729 970 1812 θυσιαστήριον
989 1751 1048 1814 μου
1067 1733 1177 1814 ἄρτους
1195 1729 1360 1815 ἠλισγημέ·

212 1859 282 1914 νους
305 1838 351 1901 ita
374 1839 404 1900 in
430 1837 579 1900 orationis
605 1838 786 1899 contextum
810 1836 952 1920 inseruit,
977 1840 1014 1899 ut
1039 1835 1170 1900 diceret:
1195 1834 1363 1921 Μαλαχίαν

215 1945 250 2009 δὲ
272 1953 339 2019 πῶς
361 1943 502 2027 παριδεῖν
525 1939 609 2018 άξιον
632 1951 685 2006 νῦν
709 1943 763 2027 μὲν
792 1941 987 2026 ἐγκαλοῦντα
1014 1952 1131 2025 πικρῶς
1159 1952 1220 2018 τοῖς
1248 1942 1361 2026 ἱερεῦσι

213 2054 266 2114 nat
290 2051 476 2129 ὀνειδίζοντα
500 2049 541 2124 ὡς
563 2051 599 2112 τὸ
624 2052 722 2133 ὄνομα
739 2047 848 2131 κυρίου
871 2047 1054 2130 φαυλίζουσι
1076 2050 1129 2110 καὶ
1153 2047 1362 2131 προστιθέντα

214 2160 250 2223 ἐν
273 2157 376 2240 τίσιν,
399 2158 508 2241 ἐντῷ
531 2156 737 2240 προσάγειν
759 2156 851 2238 πρὸς
874 2156 914 2219 τὸ
934 2154 1205 2240 θυσιαστήριον
1229 2159 1362 2238 ἄρτους

212 2263 497 2350 ἠλισγημὲνους,
522 2261 696 2347 βρώματα
720 2262 787 2324 οὐκ
810 2262 1043 2346 ἀπάργματα.
1063 2261 1195 2326 Rufinus
1217 2261 1254 2324 de
1274 2279 1360 2325 more

213 2390 272 2436 suo
297 2369 441 2455 Gregorii
464 2369 604 2453 uestigia
626 2387 771 2451 premens
795 2387 851 2432 nec
876 2387 951 2433 uero
976 2369 1150 2450 scripturae
1175 2386 1280 2432 sacrae
1303 2369 1360 2432 irn-

212 2496 335 2542 memor
356 2477 452 2541 habet
480 2476 525 2560 (p.
550 2477 603 2554 49,
628 2475 699 2562 23):
730 2475 929 2539 Malachiam
951 2495 1025 2539 nero
1049 2474 1198 2556 anamodo
1225 2475 1361 2558 serenans

215 2603 299 2648 nnnc
321 2585 532 2664 increpantem
555 2584 729 2647 sacerdotes
752 2582 960 2662 amarissime,
981 2602 1064 2645 rinno
1083 2584 1177 2646 etiam
1196 2582 1361 2663 obinrpan·

213 2696 272 2754 trm
296 2691 379 2772 qaod
401 2710 512 2754 aaaron
536 2687 657 2754 domini
679 2691 852 2770 spernant?
873 2691 929 2769 pai
947 2691 1041 2752 ctiam
1060 2688 1150 2752 addit
1169 2689 1363 2769 interropan·

215 2798 297 2862 tibns
319 2817 365 2861 se:
388 2799 424 2860 in
447 2817 507 2878 quo
529 2817 641 2860 nomen
665 2796 784 2859 domini
802 2796 999 2876 spreaimns?
1020 2802 1048 2858 et
1066 2795 1154 2858 dicit:
1172 2795 1209 2856 in
1228 2814 1261 2856 eo
1281 2791 1364 2874 qaod

214 2901 403 2967 adnionistis
427 2900 471 2966 ad
493 2902 594 2966 altare
611 2922 715 2983 panes
731 2901 870 2982 pollutos
893 2905 921 2963 et
944 2919 1031 2964 escas
1054 2921 1090 2964 en
1112 2902 1247 2980 rapina;
1275 2899 1360 2981 quod

215 3014 321 3074 autem
346 3029 431 3073 escas
454 3030 491 3072 aa
513 3011 633 3090 rupina
657 3010 796 3091 praebet,
819 3008 953 3072 Rufinus
974 3007 1057 3089 apud
1078 3006 1264 3090 Gregorium
1286 3004 1362 3092 βρώ-

215 3139 298 3202 ματα
320 3116 353 3194 ἐξ
377 3117 581 3201 άρπάγματος
602 3116 723 3200 legisse
746 3115 882 3179 uidetur.

260 3241 466 3305 Memorabile
490 3244 549 3317 est,
573 3241 658 3324 quod
677 3241 716 3305 ad
735 3239 898 3324 Vulgatao'
914 3242 1036 3304 textum
1054 3238 1221 3324 paululum
1241 3237 1364 3303 accedit

214 3347 348 3413 Rufinus
372 3368 404 3430 p.
426 3349 481 3425 50,
508 3349 562 3412 18:
587 3367 661 3411 non
683 3347 785 3410 altra
807 3348 1011 3428 respiciam
1034 3345 1078 3409 acl
1099 3343 1217 3408 tostius
1239 3350 1362 3409 castras

152 3485 154 3490 ·
215 3475 279 3519 nec
310 3455 519 3534 srrscipiam
546 3474 599 3518 eas
623 3455 661 3517 alc
683 3453 830 3518 manibus
853 3455 967 3517 icastris
991 3452 1115 3540 (Vulg.:
1144 3471 1216 3514 non
1243 3454 1361 3531 respi-

217 3563 311 3624 ciam
339 3560 445 3624 altra
467 3560 510 3624 acl
532 3560 723 3644 sacraficium
746 3580 811 3623 nec
839 3559 1025 3640 accipiam
1042 3556 1199 3638 placabile
1223 3555 1300 3637 ataid
1323 3554 1361 3620 de

215 3687 314 3730 rnann
340 3667 470 3753 nestra),
500 3688 572 3732 cum
602 3667 773 3751 Gregorius
803 3665 860 3753 (or.
883 3667 916 3730 Il
939 3666 994 3748 61)
1023 3684 1096 3729 cum
1123 3664 1209 3727 LXX
1232 3664 1361 3727 habeat:

216 3774 264 3855 (εἰ)
288 3776 340 3838 ἔτι
368 3772 471 3850 ἄξιον
502 3773 699 3859 ἐπιβλέψαι
726 3773 768 3849 εἰς
792 3770 906 3838 θυσίαν
925 3772 1033 3856 (ὑμῶν)
1056 3774 1078 3856 ἢῚ
1099 3768 1229 3855 λαβεῖν
1253 3768 1363 3833 δεκτὸν

216 3882 254 3944 ἐκ
276 3889 338 3944 τῶν
360 3889 472 3964 χειρῶν
496 3882 595 3964 ὑμῶν;

179 4083 182 4089 ¹
263 4003 349 4069 Orat.
370 4003 399 4066 V
425 4006 465 4069 13
496 4004 669 4087 Gregorius
697 4004 753 4068 lob
778 4005 831 4082 39,
856 4005 885 4068 9.
911 4004 952 4067 10
976 4002 1015 4066 do
1044 4021 1101 4066 suo
1125 4001 1264 4065 mutauit
1288 3999 1362 4064 sori·

216 4110 307 4176 bens:
333 4111 484 4196 εἰδήσεις
507 4112 600 4175 αὐτὸν
625 4111 673 4174 ἐπὶ
696 4111 824 4196 φάτνης;
856 4110 883 4173 εἰ
906 4110 965 4173 ὑπὸ
991 4111 1084 4192 ζυγὸν
1113 4105 1302 4192 ἀχθήσεταα
1331 4113 1364 4170 et

216 4219 349 4282 uerbum
373 4218 469 4284 uerbo
493 4218 630 4283 reddidit
651 4219 795 4296 Rufinus,
819 4236 914 4298 quare
939 4217 1007 4280 eius
1031 4199 1129 4280 uerba
1146 4214 1189 4299 (p.
1213 4215 1285 4291 182,
1306 4211 1362 4298 15)

216 4325 332 4390 litteris
358 4324 496 4389 diductis
521 4344 581 4388 uon
606 4326 694 4388 eraut
716 4323 890 4388 scribenda.
