3228 4978
458 449 502 502 Vi.
521 447 568 502 Ad
588 450 678 503 ciues
698 448 928 503 Nazianzenos
942 451 1042 536 .8”¹⁰·
1255 455 1321 518 203

171 645 234 709 init
256 645 294 709 ab
318 643 408 709 initio
434 647 466 709 et
488 645 519 708 in
544 637 718 726 conspectu
743 645 862 710 domini
887 645 1111 729 omnipotentis
1135 647 1318 723 rebellante

171 752 247 817 ilie
270 751 476 817 homicida
499 751 581 815 init
604 751 647 815 ab
672 751 812 829 initio;
842 752 898 816 illo
921 752 1057 835 primurn
1082 753 1243 818 hominem
1265 773 1323 836 por
1440 757 1450 772 '

170 855 470 942 praeuaricationem
513 856 681 940 deceptum
721 857 753 921 in
795 858 852 921 has
890 859 978 922 uitae
1014 858 1158 922 miserias
1197 860 1320 923 exulem

166 965 259 1031 dedit
287 967 319 1029 et
345 966 491 1041 mortem,
521 981 615 1045 quam
644 963 722 1028 deus
752 983 813 1027 non
842 963 969 1042 fecerat,
1000 983 1055 1046 per
1077 967 1241 1048 peccatum
1265 968 1321 1030 iile

139 1071 293 1154 sprimus
315 1069 446 1135 inuenit.
471 1073 507 1134 tn
531 1072 648 1148 antem,
674 1089 690 1134 o
715 1070 810 1135 bomo
835 1071 896 1148 dei,
920 1075 1079 1136 memento
1099 1091 1197 1154 aquo
1217 1072 1320 1138 sactus
1349 1082 1368 1132 4

173 1197 206 1242 es
240 1180 272 1242 et
303 1195 365 1259 qno
397 1176 553 1254 innitaris,
588 1179 739 1258 qnantum
769 1177 828 1241 tibi
856 1178 1043 1259 praestitum
1075 1181 1125 1243 est
1152 1181 1184 1242 et
1212 1180 1320 1260 quanti

171 1283 316 1350 beneficii
345 1284 402 1348 dec
432 1283 556 1348 debitor
585 1303 628 1360 es,
659 1283 712 1365 qui
740 1283 800 1348 tibi
829 1283 916 1349 dedit
937 1284 1053 1369 legem,
1082 1287 1118 1350 ut
1142 1285 1223 1350 scias
1248 1286 1321 1351 dare

171 1393 270 1475 leges.
294 1391 348 1474 qni
370 1389 429 1454 tibi
453 1390 542 1454 dedit
563 1391 744 1474 prophetas,
764 1392 801 1454 ut
821 1395 851 1455 et
872 1391 966 1454 deum
990 1409 1145 1475 agnoscas
1165 1395 1198 1456 ct
1215 1392 1322 1457 futura

172 1516 279 1581 speres
304 1499 335 1560 et
357 1495 476 1560 imitari
494 1496 600 1578 possis
620 1495 820 1560 clementiam
839 1496 898 1560 dei.
921 1495 953 1560 in
972 1496 1032 1560 hoc
1051 1497 1134 1560 enim
1153 1498 1321 1578 praecipue

125 1627 152 1668 ro
170 1603 202 1668 iu
225 1622 260 1667 se
284 1604 377 1669 homo
402 1602 580 1667 diuinitatis
605 1602 776 1686 imaginem
800 1605 916 1686 portat,
945 1603 976 1666 in
1002 1623 1063 1685 qno
1088 1607 1195 1685 potest
1217 1604 1321 1668 facero

171 1711 258 1774 bene.
281 1709 433 1792 possibile
456 1709 516 1773 tibi
540 1711 591 1772 est
612 1707 679 1772 fieri
703 1709 808 1787 deum,
838 1710 865 1773 si
889 1712 995 1774 tamen
1019 1729 1080 1774 nou
1105 1711 1240 1776 clatione
1264 1711 1321 1775 sed

170 1815 348 1880 imitatione
372 1816 482 1898 cupias
506 1815 572 1880 fiori
598 1815 687 1880 deus.

218 1924 267 1986 10.
303 1921 369 1986 Alii
406 1922 444 1986 ad
481 1922 542 1986 hoc
574 1922 708 1987 ueniunt
740 1922 913 1987 uendentes
948 1923 1052 1987 omnia
1083 1924 1165 1987 bona
1197 1942 1257 1988 sna
1290 1927 1340 2003 et,

170 2029 364 2111 pauperibus
397 2032 613 2114 prorogantes,
649 2028 702 2092 alii
731 2029 871 2093 membra
898 2049 958 2094 sne
986 2030 1212 2094 mortificantes
1240 2049 1321 2112 qnae

126 2163 152 2205 rs
171 2139 248 2200 sunt
275 2155 371 2218 super
394 2138 519 2212 terram,
548 2139 677 2218 propter
700 2134 864 2200 Christum
888 2138 1005 2202 mundo
1031 2156 1065 2201 se
1090 2136 1321 2222 crucifigentes.

171 2243 224 2306 aiii
253 2242 311 2307 deo
340 2241 423 2306 filios
451 2247 585 2318 uouent;
616 2261 676 2307 non
706 2243 789 2306 enim
818 2242 929 2307 dubito
955 2243 1040 2324 qnod
1062 2248 1172 2308 notum
1196 2243 1255 2307 tibi
1278 2243 1322 2308 sit

170 2349 314 2414 Abrahae
338 2348 538 2424 sacrificinm,
568 2349 624 2431 qni
646 2350 825 2432 promptius
849 2349 978 2414 unicum
1004 2350 1121 2416 obtulit
1144 2350 1203 2414 deo
1227 2368 1321 2431 qnam
1354 2401 1356 2406 ,

172 2475 244 2520 enm
263 2456 350 2540 prius
370 2460 555 2540 susceperat
574 2477 591 2521 a
610 2457 677 2522 deo.
697 2477 715 2520 a
734 2459 765 2520 te
785 2458 891 2521 autem
911 2457 991 2522 nihil
1006 2459 1117 2522 horum
1133 2457 1320 2539 expetimus,
1349 2468 1368 2520 1

171 2563 227 2627 sed
259 2582 314 2644 pro
348 2564 398 2628 his
432 2564 579 2628 omnibus
613 2563 782 2628 clementia
814 2565 902 2628 ntere
935 2568 967 2629 ct
1000 2564 1216 2628 misericordia
1247 2583 1321 2647 erga

125 2695 152 2738 ac
170 2669 343 2748 subiectos,
363 2670 480 2753 quibus
500 2671 676 2736 delectatur
695 2670 772 2735 deus
792 2670 894 2754 magis
915 2690 1010 2752 qnam
1030 2671 1176 2735 omnibns
1196 2671 1319 2735 ceteris.

171 2778 231 2840 hoc
259 2795 376 2840 munus
403 2776 564 2860 proprium
589 2776 665 2841 offer
688 2776 762 2852 deo;
791 2777 869 2840 haec
894 2777 937 2841 sit
961 2777 1079 2843 oblatio
1104 2780 1160 2841 tna
1181 2777 1320 2840 inmacu-

169 2884 243 2961 lata,
268 2902 324 2965 per
347 2903 442 2965 quam
466 2903 541 2968 erga
564 2887 595 2948 te
620 2902 745 2967 quoqne
770 2883 868 2946 simili
892 2883 985 2948 modo
1010 2902 1166 2966 prcuocas
1187 2884 1320 2947 clemen·

169 2990 248 3053 tiam
263 2990 324 3054 dei.
340 2990 440 3055 misce
449 2990 560 3054 terrori
570 2989 859 3066 mansuetudinem,
875 2993 1016 3072 tempera
1027 3009 1082 3071 spe
1094 2990 1204 3054 minas.
1219 2990 1323 3053 multa

171 3101 204 3161 et
225 3096 421 3181 benignitate
450 3099 591 3161 correcta
614 3100 702 3160 sunt:
732 3096 917 3160 erubescere
941 3097 1045 3162 scient
1068 3097 1212 3160 homines
1236 3095 1320 3177 apud

125 3233 152 3276 nc
172 3204 270 3268 bonos
307 3204 464 3287 principes
497 3205 529 3268 in
562 3207 668 3268 uotam
702 3204 810 3268 uenire
844 3203 960 3268 delicti.
999 3208 1083 3268 certe
1117 3204 1216 3268 semel
1249 3203 1320 3285 quis
1348 3216 1368 3269 3

171 3308 419 3374 misericordiam
462 3313 651 3374 consecutus
688 3328 751 3390 qno
787 3309 902 3373 iterum
941 3328 992 3374 ore
1029 3308 1194 3391 peccabit?
1237 3309 1322 3391 qnod

261 3517 399 3583 210118,
419 3519 454 3572 44
517 3519 587 3572 ⁴ici.
608 3519 686 3574 Rom.
707 3521 732 3582 5,
753 3518 786 3570 12
852 3517 1170 3585 monantulam
1235 3519 1267 3570 14
1287 3516 1320 3570 01.

172 3607 230 3662 Coi.
252 3608 276 3674 3,
296 3609 312 3660 5
369 3607 402 3661 15
422 3607 456 3662 61.
476 3607 535 3664 Gai.
556 3609 581 3674 6,
602 3608 636 3661 14
692 3609 724 3662 17
745 3607 778 3662 ct
799 3605 1035 3670 (1011222-13

207 3728 422 3799 3dedeceptnm
441 3729 468 3784 R
522 3730 644 3796 miserias
665 3731 691 3800 (a
710 3747 731 3784 a.
752 3730 776 3799 e)
795 3731 823 3785 R
883 3728 1002 3782 exsulem
1021 3728 1074 3781 AV
1126 3729 1277 3797 5primnm
1297 3729 1322 3778 V

171 3820 338 3886 bqnantum
357 3818 482 3872 beneficii
504 3817 541 3873 Co
614 3818 847 3889 8cognoscasV
918 3818 1077 3872 binmitari
1096 3817 1124 3872 R
1188 3819 1219 3872 11
1240 3818 1319 3886 bene]

172 3907 270 3962 debere
289 3907 317 3962 R
359 3907 916 3978 14016108011660116-1)011160.
971 3907 1081 3961 menbra
1103 3907 1176 3960 Gac.
1220 3907 1252 3960 17
1272 3907 1320 3960 cb·

170 3995 248 4050 tullit
265 3996 346 4051 Rom.
439 3995 752 4052 11111111611001111111111
845 3997 879 4049 22
899 4012 1036 4066 prouocas
1055 3995 1083 4050 R
1101 4011 1252 4064 prouocans
1273 3994 1324 4049 00

171 4085 207 4141 23
224 4085 308 4140 misce
327 4086 423 4140 terrori
442 4089 468 4154 (e
487 4091 512 4139 et
531 4089 543 4138 t
561 4087 592 4140 in
610 4091 678 4152 rue.)
702 4086 725 4140 Ο
794 4085 869 4138 mina
891 4084 918 4138 V
1005 4084 1040 4137 24
1060 4085 1098 4153 et]
1118 4085 1218 4137 etenim
1237 4085 1320 4152 (enim

171 4187 192 4230 1.
213 4173 242 4240 1.)
262 4173 291 4227 R
363 4189 394 4226 ex
412 4174 583 4242 benignitate
603 4175 630 4228 A
702 4174 775 4240 si(o.
795 4173 826 4242 1.)
846 4174 1005 4240 0011001011
1024 4188 1045 4225 o.
1066 4175 1092 4240 a)
1111 4173 1138 4227 R
1193 4174 1227 4227 25
1247 4176 1319 4226 certo

172 4263 200 4328 (o
220 4277 254 4316 cm
272 4265 301 4331 n)
325 4261 347 4315 O
419 4264 480 4332 quis
499 4265 523 4329 (s
542 4280 563 4320 c.
584 4264 612 4329 l.)
635 4263 658 4317 0
712 4263 746 4316 26
766 4268 927 4316 consecutus
947 4277 1059 4330 quorum
1077 4262 1176 4314 iterum
1195 4278 1240 4314 cre
1258 4250 1324 4331 p'ec·

172 4351 248 4404 canit
266 4351 298 4416 (a.
318 4367 432 4420 qnorum
453 4351 518 4406 add.
538 4352 551 4404 1
570 4351 677 4406 denitat
696 4353 795 4406 iterare
814 4353 938 4420 peccatu)
957 4349 985 4403 R
1039 4367 1113 4404 more
1136 4349 1278 4418 Opndcre
1300 4351 1326 4402 V
