3194 4982
255 437 319 502 142
769 433 883 486 Rufini

247 629 465 707 recondamus,
493 645 555 692 non
584 647 620 692 ea
649 646 728 710 quaa
757 629 977 710 pertranseunt
1005 631 1038 692 at
1060 626 1281 694 dissoluuntur
1304 635 1336 694 et
1360 629 1397 692 ad

247 754 395 818 praesens
422 735 643 800 tantummodo
672 735 788 799 fallunt
816 735 926 800 oculos
955 737 987 798 et
1013 734 1232 800 lenocinantur
1254 737 1397 818 aspectui

247 846 280 906 et
307 842 481 907 secundum
510 860 612 906 meam
642 841 831 907 sententiam
856 841 895 906 ad
919 840 1092 923 pernicicm
1115 843 1210 924 atque
1232 840 1397 907 interitum

245 948 457 1014 blandiuntur.
496 949 552 1014 sed
589 947 710 1014 suffieit
747 948 870 1033 corpori
905 948 1029 1014 malitia
1067 967 1137 1014 ssa:
1178 967 1238 1013 non
1275 948 1398 1032 indiget

246 1055 374 1120 flamma
397 1055 572 1139 copiosiore
592 1055 724 1120 materia
747 1074 803 1121 nec
825 1055 966 1120 insolens
988 1055 1093 1122 bestia
1115 1055 1396 1121 abundantioribus
1425 1075 1436 1120 a

247 1161 338 1239 cibis,
362 1164 399 1227 ut
422 1161 607 1226 insolentior
629 1161 685 1225 fiat
709 1165 741 1227 et
763 1161 938 1228 uiolentius
956 1166 1078 1247 urgeat

290 1270 322 1333 2.
355 1267 476 1335 Idcirco
509 1288 583 1356 ergo
617 1267 804 1352 spiritaliter
832 1269 934 1356 magis
963 1271 1015 1336 est
1041 1269 1164 1354 agenda
1190 1269 1397 1336 solemnitas.

245 1374 374 1440 initium
401 1394 477 1440 saue
506 1380 538 1439 et
566 1393 662 1440 causa
689 1374 878 1440 festiuitatis
902 1375 997 1458 paulo
1022 1376 1119 1441 altius
1142 1375 1314 1462 repetenda
1338 1378 1396 1454 cst,

244 1481 321 1547 licet
349 1499 480 1547 excessu
509 1481 645 1564 quodam
673 1481 722 1546 uti
750 1482 930 1558 cinnamon
960 1482 1016 1548 sed
1039 1486 1159 1567 gratus,
1188 1484 1309 1566 opinor,
1339 1484 1398 1548 erit

244 1588 295 1654 his
318 1589 487 1673 praecipue
511 1589 566 1673 qui
591 1587 739 1654 historias
763 1591 910 1657 ueterum
938 1593 1119 1655 nostrorum
1146 1609 1207 1655 non
1234 1589 1396 1675 ignoratas
1413 1607 1436 1650 1o

244 1696 372 1762 habent.
401 1695 485 1779 apud
508 1695 670 1761 Hebraeos
702 1695 891 1763 sacramenti
918 1695 1041 1779 aliquid
1069 1697 1192 1762 obtinet
1214 1700 1246 1762 et
1269 1697 1396 1763 honoris

243 1821 394 1867 numerus
414 1801 619 1886 septimanae,
642 1803 680 1867 ut
699 1821 735 1866 ex
754 1803 859 1888 Moysi
876 1801 1013 1868 traditur
1030 1804 1111 1888 lege,
1132 1802 1217 1868 sicut
1235 1805 1268 1868 et
1285 1807 1396 1885 postea

244 1909 448 1994 Pythagorici
481 1913 628 1992 quartum
662 1929 827 1974 numerum
856 1908 985 1975 sibimet
1013 1909 1216 1976 sacratiorem
1243 1910 1394 1978 feceruut.

202 2023 219 2076 2
246 2017 278 2081 in
301 2036 363 2100 quo
383 2021 415 2082 et
432 2016 601 2082 iuramenti
620 2017 671 2083 sui
691 2016 836 2082 obtinent
854 2021 1095 2083 sacramentum.
1118 2017 1174 2083 sed
1194 2021 1226 2083 et
1244 2020 1394 2083 octauum

220 2159 224 2168 ·
245 2125 483 2200 numerumuel
502 2123 699 2189 tricesimum
718 2123 935 2189 honorandum
953 2123 1152 2190 crediderumt
1169 2127 1237 2190 tum
1255 2124 1394 2190 Simonis
1411 2141 1434 2184 15

247 2229 397 2312 discipuli
416 2248 510 2314 quam
525 2231 705 2312 Marcionis,
724 2231 840 2313 quihus
859 2231 998 2296 numeris
1017 2230 1151 2297 totidem
1167 2251 1266 2314 aeque
1281 2249 1393 2297 aeonas

246 2336 300 2400 uel
327 2337 454 2402 saecula
482 2355 517 2402 ac
545 2337 680 2402 mundos
709 2357 780 2403 esse
809 2335 1003 2404 confirmant.
1033 2341 1065 2403 et
1087 2339 1149 2403 alia
1172 2359 1297 2422 quoque
1321 2359 1392 2404 nou-

244 2443 332 2508 nulla
364 2443 538 2509 secundum
566 2463 640 2510 suas
672 2445 726 2510 uel
757 2445 895 2511 rationes
927 2445 980 2510 uel
1012 2446 1234 2528 persuasiones
1271 2449 1393 2512 numeri

244 2550 340 2616 huius
363 2551 501 2618 referunt
525 2555 766 2619 sacramentum.
790 2569 901 2617 uerum
921 2552 1097 2618 secundum
1115 2553 1278 2618 Hebraeos
1296 2554 1393 2619 mani-

243 2659 362 2724 festnm
387 2662 436 2723 est
460 2657 534 2741 quia
556 2657 588 2722 in
608 2678 661 2723 sex
681 2658 792 2724 diebus
814 2659 891 2724 deus
910 2659 1076 2725 materiam
1095 2659 1205 2725 mundi
1224 2661 1393 2726 substituit
1408 2676 1432 2721 co

244 2768 276 2830 et
298 2765 448 2829 formauit
471 2784 507 2830 ao
530 2783 586 2850 per
610 2765 732 2850 species
758 2767 900 2850 singulas
926 2785 1069 2850 quasque
1089 2765 1240 2832 discredit
1259 2771 1291 2832 et
1310 2767 1391 2832 hunc

197 2878 214 2934 3
244 2891 337 2956 quem
378 2891 435 2937 nos
478 2871 624 2966 uidemus
662 2873 814 2955 explicuit
850 2872 1014 2938 mundum.
1057 2873 1192 2958 septimo
1228 2893 1304 2939 uero
1342 2875 1390 2940 die

329 3133 398 3190 aas
416 3134 516 3190 Matth.
538 3136 563 3200 6.
582 3134 618 3190 34
674 3135 706 3190 19
727 3134 761 3190 el.
782 3134 849 3192 Gen.
871 3135 894 3203 1,
915 3137 928 3189 1
951 3151 1011 3206 sqq.

277 3274 461 3344 Spematiem
483 3273 554 3344 Ope.
629 3280 711 3346 atqua
731 3277 766 3331 ad
786 3277 928 3331 interitum
941 3277 968 3332 A
1020 3278 1215 3348 hcopiosiorio
1239 3279 1265 3332 V
1313 3280 1387 3334 din·

241 3361 411 3417 solertiore
461 3363 623 3433 urgueatO
668 3366 798 3435 9gratns
823 3365 897 3420 Cae.
917 3369 1024 3434 gratnm
1046 3365 1147 3435 ορ,σ.,υ
1199 3370 1232 3421 ut
1249 3367 1388 3437 opinorA

242 3450 276 3506 10
293 3453 590 3522 nostrorum—p.145‚
613 3457 631 3507 9
651 3470 717 3523 quas
738 3471 803 3508 enu·
823 3469 875 3509 om.
889 3457 917 3510 A
970 3455 1109 3524 ignoratas
1124 3457 1152 3512 R
1169 3457 1279 3528 ignotas
1297 3457 1388 3514 OOVo

243 3541 274 3595 11
295 3539 410 3595 hebreos
433 3541 496 3596 oon
578 3544 715 3614 optineret
734 3549 818 3612 (aequ.
839 3547 866 3598 et
885 3546 948 3612 om.)
971 3544 996 3597 V
1063 3543 1097 3598 12
1117 3561 1147 3600 ex
1165 3546 1254 3618 Moysi
1272 3547 1388 3601 traditur

240 3630 302 3698 lege
321 3629 362 3699 (ἐκ
379 3637 428 3702 τῆς
447 3630 583 3695 Μωυσέως
602 3631 785 3702 νομοθεσίας)]
805 3647 893 3687 moses
911 3633 1030 3689 nacitur
1047 3634 1109 3704 lege
1130 3635 1204 3690 GM.
1258 3636 1344 3700 mosei
1361 3635 1388 3691 R

239 3718 388 3789 moyseiO
497 3721 530 3774 13
548 3721 702 3791 pytagorici
720 3720 775 3776 120
791 3723 1007 3792 pytungorioiO
1134 3739 1274 3778 numerum
1292 3723 1388 3780 caudi

242 3807 274 3862 15
292 3808 479 3863 tricensimum
497 3809 639 3874 acano
693 3812 812 3880 symonis
834 3811 858 3867 0
912 3812 946 3867 le
964 3813 1106 3867 martionis
1123 3811 1160 3868 Oc
1177 3812 1343 3868 marchionis
1365 3813 1389 3868 V

239 3899 358 3952 numeris
376 3898 408 3966 (a.
427 3898 437 3951 i
455 3901 503 3953 m2
521 3900 549 3967 n)
569 3899 595 3953 V
665 3915 747 3954 conas
765 3899 818 3968 ca·
838 3901 904 3956 odd
925 3918 1011 3956 eonon
1029 3918 1118 3972 grece.
1136 3886 1180 3958 lai
1195 3903 1387 3972 sempiternum

239 3986 285 4041 nol
303 3988 439 4041 saeculum
458 3985 565 4042 dicitnr.
586 4005 667 4042 eonas
686 3991 720 4056 (a.
740 3989 767 4042 id
788 3992 832 4044 est
851 3991 968 4057 aetates)
988 3991 1062 4060 greci
1079 3995 1189 4055 nocant,
1207 4007 1322 4062 qnorum
1335 3990 1386 4046 ini·

238 4075 308 4130 tium
325 4076 370 4131 nel
388 4077 450 4131 linis
473 4078 600 4131 nescitur.
619 4077 683 4131 inde
702 4082 731 4131 et
753 4095 803 4132 nos
827 4095 875 4148 per
899 4077 1095 4134 deriuationem
1113 4095 1209 4134 aenum
1228 4079 1342 4136 dicimus
1364 4079 1388 4136 0

237 4165 269 4218 in
286 4179 336 4234 cap.
393 4166 427 4220 18
446 4165 482 4219 ad
499 4165 606 4220 numeri
625 4167 690 4221 libri
708 4167 824 4237 quidum
843 4169 1003 4235 deteriorem·
1018 4168 1066 4223 ced
1084 4169 1138 4224 ulia
1155 4169 1287 4224 nonnulla
1304 4171 1387 4226 actae

237 4254 376 4309 machati
397 4254 556 4324 subiectam,
581 4259 777 4310 sacramentnm
802 4257 942 4322 obiectam,
962 4273 1024 4312 snas
1037 4272 1093 4326 pro
1112 4274 1204 4312 eorum
1220 4265 1387 4328 maspetum

236 4347 276 4396 cat
331 4343 363 4396 19
383 4347 550 4398 sacramenta
568 4344 648 4413 Rpe.
721 4345 837 4400 hebreos
856 4346 900 4402 Rc
