3258 4980
475 421 549 474 VIlI.
569 422 614 473 Do
635 420 808 488 grandinis
827 420 1021 473 uastatione
1040 419 1136 474 9—10.
1315 423 1377 485 247

228 637 312 694 mus,
337 636 409 683 cum
435 616 474 680 ad
497 615 737 680 multitudinem
761 613 985 679 beneficiorum
1005 632 1147 692 suorum,
1167 633 1246 697 quas
1264 615 1381 698 ingrati

229 723 440 807 suscepimus,
477 723 580 788 adhuc
618 723 714 787 etiam
748 722 975 806 castigationes
1008 741 1083 787 suas
1116 722 1207 786 nobis
1242 723 1382 805 coeperit

227 833 374 913 inputare
403 833 435 895 et
463 847 646 895 enumerare
673 827 813 893 remedia
842 846 877 892 ac
900 826 1063 908 medellas,
1088 827 1204 910 quibus
1228 827 1380 892 adhibitis

229 956 286 1002 nos
314 939 421 1002 tamen
450 936 552 1002 curati
579 954 640 1000 non
666 939 799 1000 sumus?
834 939 866 1000 et
888 934 972 1000 filios
997 935 1124 1016 quidem
1149 935 1298 1018 appellat,
1323 934 1379 999 sed

196 1044 380 1128 apellatus,
403 1045 457 1108 uel
479 1041 574 1120 filios,
598 1042 655 1108 sed
678 1042 797 1106 alienos
821 1045 854 1106 et
876 1041 1091 1106 claudicantes
1116 1061 1134 1106 a
1157 1040 1280 1106 semitis
1301 1042 1379 1121 suis,

229 1151 304 1214 dum
330 1150 441 1214 alienis
465 1150 528 1215 uiis
546 1149 698 1214 incedunt
718 1151 750 1214 et
769 1149 899 1232 asperis.
922 1148 1000 1213 dicit
1019 1167 1108 1233 ergo:
1132 1148 1220 1232 ‘quid
1240 1149 1380 1230 oportuit
1408 1156 1425 1208 3

228 1276 279 1322 mo
302 1255 404 1321 facere
428 1255 521 1321 uobis
545 1259 577 1321 et
600 1274 659 1320 uon
684 1254 767 1320 feci?
800 1254 883 1319 unde
911 1273 969 1320 uos
995 1254 1158 1319 emendare
1183 1255 1325 1336 oportuit
1349 1258 1381 1319 et

228 1382 289 1427 uon
315 1362 504 1428 emendari?
531 1362 705 1427 lenioribus
729 1379 808 1425 usus
833 1380 905 1424 sum
928 1360 1088 1426 remediis.
1113 1360 1208 1425 omisi
1229 1360 1380 1444 Aegypti·

229 1487 319 1532 orum
347 1468 484 1554 flagella,
513 1468 700 1552 sanguinem
729 1467 766 1532 de
795 1467 979 1531 fluminibus
1003 1467 1211 1549 fontibusque
1233 1453 1378 1550 potatum

183 1596 210 1639 ro
229 1580 261 1640 et
285 1595 394 1642 omnes
419 1593 517 1658 aquas
540 1576 573 1639 iu
598 1593 739 1640 cruorem
764 1593 884 1638 uersas.
912 1572 1044 1655 primam
1068 1573 1157 1638 illam
1183 1591 1289 1638 eorum
1314 1573 1380 1656 pla-

228 1702 301 1766 gam
333 1683 459 1765 reliqui.
494 1681 586 1748 omisl
621 1683 716 1746 etiam
748 1700 838 1745 ranas
868 1685 900 1744 et
928 1680 1057 1745 scinifes
1087 1683 1119 1745 ct
1147 1680 1323 1763 cynomiam
1349 1683 1382 1744 et

227 1789 349 1871 reliqua
371 1789 508 1873 flagella.
533 1808 551 1853 a
573 1789 678 1854 bubus
703 1791 735 1852 et
758 1787 908 1852 iumentis
930 1789 962 1851 et
979 1787 1148 1868 pecoribus
1169 1787 1269 1869 coepi,
1290 1787 1379 1869 quin-

227 1899 294 1959 tam
313 1895 440 1980 plagam
458 1897 490 1960 in
509 1895 659 1960 animalia
677 1897 767 1958 muta
786 1893 928 1958 conuerti
947 1911 1078 1977 parcens
1093 1893 1285 1958 hominibus.
1304 1911 1378 1957 nou-

229 2001 303 2065 dum
337 2021 396 2067 uos
429 2003 563 2088 contigit
593 2002 656 2068 ista
687 2001 824 2078 uenatio,
859 2001 914 2066 sod
952 2000 1028 2065 facti
1061 2001 1138 2065 estis
1171 2001 1250 2064 mibi
1282 2000 1378 2064 etiam

182 2133 209 2176 rs
227 2107 326 2174 mutis
351 2109 539 2174 animalibus
562 2109 729 2174 brutiores.
761 2107 841 2172 nihil
869 2108 962 2186 enim,
985 2111 1022 2172 ut
1044 2108 1148 2186 uideo,
1173 2106 1213 2171 ad
1236 2106 1377 2172 emenda-

227 2215 346 2280 tionem
369 2215 496 2298 proficit
517 2215 581 2279 ista
604 2215 768 2298 correptio.
802 2213 987 2279 abstinui
1012 2214 1171 2279 anobis
1195 2213 1377 2296 pluuias:
1405 2227 1424 2278 4

227 2340 321 2406 pars
346 2342 421 2386 una
445 2322 632 2406 suscepit
656 2321 820 2385 imbrem
845 2324 884 2385 et
902 2339 1005 2402 pars,
1027 2340 1148 2404 supra
1167 2335 1282 2403 qnam
1303 2340 1377 2385 nou

228 2428 355 2511 pluui‚
372 2429 487 2494 aruit.
503 2431 535 2492 et
549 2413 688 2493 dixistis:
704 2427 1017 2510 perdurabimus
1039 2428 1378 2512 ctuiriliterage-

227 2555 323 2601 mus.
355 2535 473 2600 idcirco
506 2535 678 2617 superduri
710 2535 802 2599 uobis
836 2535 1020 2618 grandinem
1053 2537 1085 2598 et
1116 2535 1226 2599 uineas
1254 2537 1377 2598 uestras

182 2667 210 2711 ao
228 2645 323 2724 atque
356 2643 485 2707 arbusta
516 2645 624 2707 uestra
657 2644 847 2725 segetesque
880 2641 1065 2724 demessuiy
1084 2640 1239 2706 malitiam
1272 2643 1377 2704 tamen
1451 2683 1454 2690 ·

318 2936 491 2991 4cf.Deut.
512 2935 591 3005 32‚5
647 2937 715 2990 bei.
735 2937 780 2992 Ps.
801 2938 842 3002 17,
857 2939 892 2992 46
943 2936 1177 3006 8cl.Ex.cap.7
1230 2937 1260 2988 11
1279 2935 1313 2990 cl.
1327 2935 1376 2990 Ex.

229 3026 321 3096 cap.8
378 3026 410 3078 12
431 3024 464 3078 cf.
482 3025 531 3078 Ex.
552 3027 645 3095 capt)
704 3027 736 3081 16
755 3026 815 3079 Am.
834 3027 895 3094 4‚7
954 3027 986 3080 18
1005 3026 1080 3079 Hier.
1102 3025 1144 3092 18,
1165 3026 1197 3078 12

264 3255 277 3307 1
298 3255 407 3323 ingrata
426 3254 447 3323 (i
466 3271 487 3309 e.
507 3259 533 3320 a)
554 3256 581 3310 R
599 3254 706 3325 ingrate
731 3254 756 3308 V
773 3256 880 3324 ingrate
903 3255 976 3311 Cae.
1023 3257 1040 3308 2
1059 3255 1220 3324 suscipimus
1242 3253 1378 3323 0,0a.e.,o

227 3342 360 3412 nobisque
378 3342 407 3397 R
480 3344 582 3412 ceperit
600 3343 668 3398 nov
720 3345 891 3415 3inputare]
911 3346 1060 3414 inpugnare
1079 3343 1107 3398 R
1161 3344 1331 3398 innumeram
1349 3344 1378 3398 R

227 3447 367 3484 numerare
388 3431 426 3485 Oc
480 3430 599 3485 medelas
619 3431 786 3501 annuae.
807 3432 932 3487 medillas
955 3431 1030 3487 Orac.
1080 3433 1143 3501 ba]
1161 3433 1189 3485 in
1203 3432 1232 3486 It
1277 3431 1376 3485 ddum

227 3519 323 3573 alienis
342 3519 394 3572 uiis
413 3535 464 3573 om.
483 3520 510 3575 R
529 3520 564 3574 al.
582 3520 611 3572 in
629 3521 682 3574 uiis
704 3519 742 3574 Oc
855 3522 907 3574 uiis
926 3538 976 3575 om.
997 3524 1024 3575 A
1134 3521 1208 3575 dicet
1226 3521 1246 3588 (i
1265 3537 1286 3574 s.
1307 3525 1331 3587 e)
1354 3519 1378 3573 0

229 3606 401 3662 lemendari
418 3607 477 3660 AV
570 3607 704 3662 tobmisi
723 3609 751 3676 (b
770 3627 791 3664 e.
812 3610 843 3677 l.)
861 3611 889 3665 R
908 3609 998 3664 omnia
1015 3611 1042 3666 A
1134 3609 1303 3679 egyptiorum
1323 3609 1378 3663 ΒΟ

228 3696 383 3766 9llagella]
402 3696 532 3766 plagaso
640 3697 798 3766 depotatum
816 3698 844 3752 R
863 3697 1023 3768 deputatum
1045 3698 1118 3753 Cae.
1213 3698 1247 3752 10
1266 3699 1375 3767 plagam

228 3801 318 3839 eorum
338 3786 365 3837 A
417 3786 447 3839 ll
469 3785 566 3838 obmisi
587 3786 614 3852 (b
633 3803 655 3840 s.
677 3788 704 3854 l.)
723 3786 751 3839 R
824 3785 940 3856 scynifes
958 3786 1013 3841 Ra
1034 3787 1150 3842 sciuilaes
1169 3804 1203 3841 ecc
1222 3786 1378 3842 sciuifasO

228 3872 357 3943 scynyfaes
376 3874 403 3942 (y
417 3888 462 3942 pr.
481 3889 503 3926 s.
524 3873 552 3940 l.)
576 3873 600 3926 0
616 3873 787 3944 scinipheso
843 3875 1000 3938 scinomiam
1023 3874 1181 3928 Ocinomia
1204 3874 1230 3928 V
1274 3874 1307 3927 12
1326 3874 1375 3927 fia-

227 3961 301 4030 gella
320 3977 371 4016 om.
391 3962 418 4014 A
517 3961 604 4016 bobus
626 3962 698 4031 Ope.
805 3965 879 4033 caepi
899 3964 927 4018 R
945 3965 1038 4033 cepio
1130 3965 1163 4018 13
1182 3964 1278 4032 plagas
1301 3963 1375 4032 Vpo.

228 4049 363 4104 ominibus
382 4050 460 4108 Rom.
505 4051 537 4105 15
556 4051 629 4105 nilo
671 4053 704 4107 16
723 4051 839 4121 profecit
860 4051 924 4107 0ου
967 4054 998 4105 17
1018 4069 1098 4123 super
1120 4052 1170 4108 OA
1212 4050 1245 4104 18
1264 4051 1333 4118 pluri
1347 4051 1375 4106 R

226 4139 285 4208 plui
304 4140 331 4192 A
430 4139 524 4208 pluuia
543 4140 598 4193 ruit
620 4139 660 4195 Vn
760 4141 814 4194 dixi
835 4141 909 4196 Uoc.
1008 4140 1375 4210 pertractassemus.

227 4226 436 4297 supdurauimus
458 4227 495 4282 Co
581 4229 686 4297 agimus
710 4228 763 4283 OV
780 4230 885 4298 egimus
907 4230 945 4283 Uo
1018 4231 1052 4283 19
1071 4217 1165 4284 uinea's
1184 4227 1374 4299 (apselmnoffl

227 4315 378 4370 uindemias
397 4317 425 4371 R
