3204 4996
650 415 942 485 Prolegomena.
1249 421 1370 485 XXVII

214 609 291 675 ¹folii
316 607 437 690 teu-(p.
463 609 515 684 30,
542 608 594 684 12)
618 609 719 689 primo
744 611 776 673 in
798 611 827 674 R
851 611 993 676 exstabat
1017 615 1045 674 et
1068 610 1232 693 disponere
1259 633 1310 677 ser
1339 616 1371 678 et

213 720 296 800 -post
324 715 463 797 spatium
494 717 624 780 12-14
652 716 830 781 litterarum
859 717 977 784 indicio
1005 722 1197 783 coemiterio
1220 724 1370 803 sequente

222 823 324 906 spatio
350 841 450 887 uacuo
475 822 508 885 in
531 823 591 887 fine
611 841 724 887 uersus
745 831 776 888 et
794 824 826 887 in
845 825 935 889 initio
954 826 1074 907 primae
1093 826 1194 891 lineae
1213 827 1284 891 folii
1303 829 1368 904 74”;

221 931 310 1012 prius
335 929 475 1012 spatium
499 947 612 992 manus
632 930 730 992 altera
749 929 888 1010 expleuit
906 932 1025 1012 (mones
1042 951 1116 996 suos
1133 933 1189 1012 iu),
1210 933 1370 1015 posterius

221 1036 377 1099 intactum
409 1035 539 1117 reliquit
571 1034 724 1100 adnotans
758 1037 790 1098 iu
823 1037 966 1120 margine
1003 1037 1130 1121 aliquid
1167 1038 1250 1102 deest
1285 1037 1370 1125 (scil.

222 1140 405 1223 dogmatum
427 1139 626 1225 nostrornm).

268 1247 371 1313 Codex
399 1247 510 1311 multis
538 1247 618 1312 locis
647 1268 776 1311 manum
805 1250 1021 1314 correctricem
1050 1269 1164 1332 passus
1196 1254 1257 1328 est,
1291 1269 1370 1330 quae

220 1373 323 1438 pauca
345 1373 420 1418 uere
445 1353 589 1431 conexit,
613 1353 708 1437 longe
731 1353 868 1436 plurima
893 1355 1033 1438 corrupit
1056 1353 1108 1438 (cf.
1132 1353 1212 1420 infra
1234 1377 1265 1438 p.
1289 1355 1369 1442 LV).

216 1463 381 1528 ,corrector
406 1460 460 1524 ille
488 1461 690 1542 importunus
718 1481 793 1524 num
823 1460 963 1526 codicem
993 1463 1127 1526 alterum
1155 1462 1186 1525 in
1217 1462 1370 1526 auxilium

220 1568 393 1640 uocauerit.
425 1567 536 1650 paucis
566 1567 647 1632 locis
681 1568 819 1652 exceptis
852 1568 1077 1633 dubitauerim.
1109 1569 1141 1632 in
1174 1568 1370 1652 marginibus

221 1674 419 1759 singularum
443 1675 631 1758 paginarum
654 1676 774 1757 passim
798 1677 890 1738 notae
910 1677 963 1739 uel
982 1675 1108 1758 glossae
1128 1675 1166 1739 ab
1185 1675 1255 1758 ipsa
1273 1693 1369 1738 manu

220 1783 322 1864 prima
354 1782 498 1865 appictae
532 1784 614 1860 sunt,
639 1801 771 1863 quarum
799 1781 938 1845 indolem
967 1801 1003 1846 00
1031 1786 1175 1846 naturam
1205 1801 1241 1846 ex
1269 1781 1369 1864 speci-

221 1888 360 1952 minibus
384 1889 415 1952 iu
440 1889 524 1952 notis
549 1888 588 1951 ad
611 1908 683 1972 pag.
709 1890 740 1965 3,
767 1890 793 1953 1.
820 1889 872 1965 61,
899 1891 926 1954 1.
951 1889 1003 1968 71,
1030 1890 1082 1954 15.
1109 1889 1183 1966 101,
1209 1891 1261 1954 10.
1288 1890 1362 1964 121,

223 1997 273 2058 10.
303 1996 377 2068 124,
404 1995 456 2058 11.
487 1995 560 2071 131,
586 1996 638 2058 21.
671 1996 744 2072 183,
770 1997 800 2058 8.
826 1997 879 2060 14.
905 1995 979 2070 186,
1006 1997 1046 2058 10
1076 1995 1158 2058 datis
1182 1995 1274 2059 facile
1298 2013 1366 2077 per-

221 2101 348 2183 spicias.
376 2104 482 2166 textus
509 2103 541 2164 in
571 2100 787 2185 carolingicae
817 2103 930 2166 aetatis
958 2101 1087 2166 modum
1122 2101 1367 2184 diligentissime

218 2208 527 2290 interpunctionibus
552 2208 764 2291 suspensius,
785 2209 952 2285 constanti,
970 2208 1105 2272 finitiua'
1123 2205 1221 2292 (1,,ἶ)
1242 2207 1371 2272 distinc-

219 2317 273 2378 tus
298 2317 347 2378 est
371 2317 402 2378 06
425 2313 511 2377 0000
533 2332 602 2378 raro
628 2314 810 2379 accentibus
835 2313 986 2378 adhibitis
1010 2314 1158 2378 librarius
1176 2319 1282 2378 rectae
1300 2332 1371 2377 uer·

219 2421 330 2484 borum
360 2420 611 2503 pronuntiationi
638 2421 812 2498 consuluit,
841 2420 932 2484 uelut
959 2424 1099 2502 obstipet,
1129 2421 1270 2501 corr-ipit,
1300 2423 1369 2483 coe·

217 2527 474 2609 delassandum,
499 2527 627 2606 00606606,
651 2528 810 2610 infligant,
834 2528 978 2608 innitent,
1002 2530 1129 2609 0090660,
1148 2527 1233 2591 sedet
1251 2526 1370 2608 (=sed

217 2632 260 2720 ct)
286 2634 356 2700 sim.
381 2638 455 2717 post
482 2633 535 2700 fol.
563 2635 641 2697 102³
668 2653 768 2697 unum
797 2633 921 2710 folium,
952 2633 1037 2714 quod
1067 2636 1134 2696 eret
1157 2633 1370 2715 quaternionis

219 2741 381 2816 ultimum,
414 2739 576 2804 intercidit
607 2741 659 2825 (cf.
694 2761 723 2821 p.
754 2739 827 2812 117,
857 2741 1022 2816 22-120,
1049 2737 1104 2823 13)
1138 2742 1171 2802 06
1201 2738 1233 2801 iu
1265 2738 1368 2802 medio
1405 2807 1407 2815 ,

219 2848 296 2912 folio
330 2848 387 2911 87“
410 2848 522 2912 100000
554 2866 614 2911 000
647 2847 784 2910 indicata
817 2845 1046 2922 desiderantur,
1080 2863 1160 2926 quae
1192 2845 1225 2906 in
1262 2847 1371 2908 nostra

219 2954 358 3018 editione
387 2975 416 3034 p.
445 2955 498 3031 69,
528 2955 548 3018 5
577 2973 646 3016 cum
670 2951 858 3035 filiis—p.
883 2953 934 3030 70,
958 2953 999 3014 22
1028 2953 1184 3014 insumere
1211 2953 1240 3012 et
1262 2949 1298 3012 ie
1321 2948 1370 3035 (in

220 3057 410 3144 00016002)
438 3060 598 3143 leguntur.
627 3079 779 3142 persaepe
807 3058 871 3123 loci
900 3060 1080 3138 occurrunt,
1107 3057 1163 3120 ubi
1191 3056 1369 3137 complures

220 3186 317 3232 uoces
340 3167 394 3230 uel
419 3168 513 3230 etiam
537 3170 623 3230 totae
648 3166 823 3230 sententiae
848 3165 962 3230 absint.
988 3183 1121 3246 quorum
1145 3163 1274 3244 plurimi
1303 3163 1369 3245 qui-

220 3275 292 3339 dem
315 3273 361 3338 ita
385 3277 459 3337 sunt
482 3273 665 3354 comparati,
688 3277 727 3336 ut
748 3271 897 3336 librarius
922 3290 939 3334 a
962 3269 1183 3335 terminatione
1207 3269 1246 3333 ad
1264 3269 1369 3333 termi-

221 3380 379 3468 nationem
413 3380 530 3462 pariter·
560 3379 615 3444 uel
648 3379 795 3443 similiter
828 3378 992 3442 cadentem
1029 3376 1131 3441 oculis
1168 3375 1369 3453 aberrauerit,

222 3489 313 3551 uelut
340 3507 369 3569 p.
394 3488 446 3564 17,
473 3488 523 3551 14.
552 3488 604 3561 24,
629 3488 660 3549 4.
691 3487 743 3559 26,
768 3487 821 3549 22.
852 3488 903 3562 47,
930 3485 979 3547 13.
1010 3485 1059 3548 15.
1084 3485 1137 3560 58,
1164 3483 1215 3548 18.
1240 3483 1292 3558 05,
1319 3483 1368 3546 12.

222 3595 297 3670 132,
325 3595 376 3658 12.
404 3595 476 3670 170,
504 3595 555 3658 16.
579 3595 654 3666 107,
679 3593 708 3656 7.
732 3593 806 3669 217,
833 3593 884 3655 11.
904 3591 979 3665 237,
1003 3591 1051 3655 15.
1071 3589 1147 3665 244,
1170 3589 1226 3652 18.Ι
1242 3589 1318 3666 247,
1339 3591 1368 3658 6.

223 3701 279 3764 000
313 3702 392 3765 aliae
426 3701 613 3766 omissiones
646 3706 688 3782 (p.
722 3701 794 3776 100,
823 3699 852 3761 5.
883 3698 1033 3774 104,10.
1063 3698 1136 3769 154,
1163 3696 1192 3758 3.
1218 3695 1291 3774 230,
1318 3695 1367 3758 17.

221 3809 297 3885 244,
323 3807 356 3888 0)
380 3808 460 3872 hanc
485 3807 726 3891 explicationem
750 3808 912 3886 respuunt.
1216 3827 1219 3834 ·

266 3917 400 3998 Aliquot
422 3915 503 3980 locis
523 3915 671 3997 autiquae
695 3912 932 3996 capitulatiouis
956 3911 1096 3996 uestigia
1120 3912 1293 3994 supersunt
1316 3909 1370 3990 ita,

222 4025 260 4088 ut
278 4027 350 4087 aute
371 4023 502 4104 capituli
520 4023 648 4086 initium
666 4021 775 4086 littera
793 4020 831 4084 K
845 4023 956 4096 exstet,
977 4019 1068 4082 uelut
1081 4017 1135 4082 fol.
1151 4017 1204 4081 64¹
1219 4014 1263 4100 (p.
1280 4017 1311 4094 5,
1328 4017 1370 4078 12

222 4133 294 4194 0060
308 4129 410 4209 bunc),
427 4130 480 4195 fol.
497 4131 552 4194 65¹²
566 4128 608 4211 (p.
624 4131 653 4202 9,
671 4130 710 4192 15
727 4131 798 4192 ante
812 4129 841 4191 si
855 4147 936 4208 erpo,
952 4127 983 4201 9,
999 4127 1042 4189 20
1057 4129 1128 4188 0060
1142 4129 1179 4202 et,
1196 4125 1248 4200 10,
1265 4125 1281 4186 1
1299 4126 1370 4187 ante

227 4234 366 4322 Uerum),
380 4233 554 4320 6016060.
572 4236 675 4312 10,17
695 4239 766 4298 0060
789 4235 883 4316 Quae,
895 4235 946 4310 10,
959 4234 1000 4295 25
1017 4236 1088 4294 0060
1101 4235 1176 4304 tum,
1195 4229 1247 4302 11,
1263 4230 1282 4292 9
1299 4232 1370 4292 0060

223 4341 335 4422 Neue),
365 4344 419 4409 fol.
452 4346 508 4407 69¹1
531 4341 575 4429 (p.
604 4343 655 4421 20,
685 4343 704 4405 0
734 4345 806 4404 0060
834 4336 1012 4424 Locorum),
1042 4337 1095 4401 fol.
1124 4339 1180 4400 90¹¹
1203 4336 1247 4420 (p.
1272 4337 1325 4414 80,
1352 4338 1368 4398 1
