3228 4978
283 459 347 525 178
799 457 914 511 aurini

282 649 449 734 diseiplina
477 650 629 734 disputet,
657 651 689 714 in
717 653 908 734 tempestate
935 669 1012 716 uero
1036 651 1250 736 gubernaoula
1272 669 1335 716 non
1358 669 1426 716 eon-

281 758 393 842 tingat.

327 865 379 930 10.
404 865 523 930 Uerum
548 863 696 946 quoniam
719 864 752 928 in
775 864 857 929 tales
881 864 1065 946 disputandi
1084 865 1271 930 deneuimus
1290 865 1379 930 loeas
1398 869 1429 929 et

280 971 437 1055 imagines
473 970 564 1034 uerbi
600 969 791 1036 incurrimus
828 971 1050 1054 praesentibus
1086 971 1181 1036 rebus
1215 971 1294 1036 satis
1327 975 1428 1054 aptas,

281 1077 343 1142 nisi
371 1095 422 1141 ma
449 1075 691 1141 formidolosum
722 1076 877 1159 quendam
907 1095 1015 1142 senem
1043 1077 1176 1160 putetis,
1210 1078 1307 1142 uelim
1336 1079 1428 1143 uobis
1458 1101 1470 1142 r

280 1182 420 1248 indicare
434 1201 515 1266 quaa
529 1183 643 1248 sentio.
663 1185 696 1248 et
709 1181 837 1264 quidem
850 1181 976 1260 faeiem,
996 1183 1145 1265 quoniam
1159 1183 1226 1249 seio
1241 1187 1274 1248 et
1288 1189 1429 1250 sanetum

281 1291 472 1373 scripturam
504 1288 725 1354 huiuscemodi
757 1289 806 1354 uti
838 1289 1113 1368 similitudinibus,
1145 1292 1183 1354 ut
1214 1289 1430 1356 manifestiora

237 1397 379 1462 adnotat
415 1415 452 1460 ea
484 1415 564 1479 quae
596 1395 670 1460 uult
700 1395 882 1460 bominibus
914 1395 1061 1461 indimus.
1098 1397 1239 1462 arborem
1273 1397 1430 1480 quandam

281 1503 386 1568 lemni
408 1503 545 1579 fabulae,
569 1521 649 1585 quae
673 1503 778 1568 exeise
799 1503 902 1586 magis
925 1503 1064 1586 pullulat
1087 1507 1119 1567 et
1137 1503 1270 1568 nitescit
1288 1508 1322 1568 et
1340 1505 1431 1568 uelut

281 1613 438 1676 certamen
458 1609 614 1692 quoddam
635 1609 804 1674 aduersum
823 1609 940 1674 ferrum
961 1610 1044 1694 gerit
1062 1613 1094 1674 et
1111 1643 1154 1656 -a
1170 1609 1198 1674 si
1216 1611 1291 1674 lieet
1309 1627 1430 1675 nouum
1447 1635 1470 1675 ro
1592 1637 1593 1696 ᾗ

282 1717 402 1800 aliquid
435 1717 537 1782 dicere
570 1716 609 1780 de
640 1735 674 1781 re
706 1735 789 1781 noua
821 1755 864 1763 -
896 1723 997 1782 morta
1030 1733 1088 1782 sua
1120 1717 1205 1782 uiuit
1236 1722 1270 1782 et
1299 1717 1430 1782 interitu
1592 1701 1593 1706 ἵ

281 1823 478 1891 oonualereit
491 1828 586 1904 atque
596 1826 731 1908 augetur
740 1823 918 1906 absumpta.
933 1823 1011 1890 haee
1022 1824 1149 1907 quidem
1159 1823 1297 1900 fabulae,
1312 1825 1430 1907 quibus

237 1942 253 1994 3
280 1931 379 1997 liaent
412 1931 525 1997 omnia.
559 1930 637 1993 mihi
667 1933 773 1994 autem
801 1929 930 1994 uidetur
958 1949 1013 2012 per
1040 1931 1120 1996 hane
1148 1931 1320 2014 imaginem
1349 1931 1431 1996 illud

280 2037 413 2102 indicari
442 2037 526 2118 quod
553 2037 603 2100 uir
631 2036 773 2102 eruditus
798 2037 980 2120 etsapiens
1002 2038 1035 2102 in
1058 2038 1215 2102 molestiis
1240 2041 1272 2102 et
1294 2041 1431 2122 tempta·

282 2144 424 2210 tionibus
439 2143 607 2208 reuirosoit
621 2146 654 2207 et
667 2143 830 2207 materiam
846 2143 1002 2225 quandam
1018 2143 1193 2209 uirtutibus
1208 2145 1275 2210 suis
1286 2145 1430 2227 praeberi
1447 2161 1470 2204 aa

281 2252 384 2332 putat,
409 2267 480 2314 oum
504 2249 608 2314 tristia
632 2268 774 2332 quaeque
797 2250 997 2332 proueniunt,
1022 2255 1054 2314 et
1077 2250 1215 2315 efficitur
1237 2251 1377 2316 ornatior
1399 2251 1430 2316 in

282 2356 436 2433 aduersis,
470 2375 542 2422 oum
573 2375 674 2439 neque
698 2356 815 2422 dextris
844 2357 939 2421 armis
967 2357 1109 2422 iustitiae
1138 2358 1304 2422 extollitur
1328 2377 1430 2440 neque

280 2462 420 2528 sinistris
443 2462 616 2527 inclinatur
634 2467 666 2528 at
684 2462 850 2548 frangitur,
875 2463 931 2528 sad
952 2482 1077 2545 semper
1094 2463 1177 2528 idem
1198 2467 1249 2528 est
1266 2465 1297 2528 in
1318 2464 1429 2529 eodem

280 2587 466 2654 permanans
487 2572 584 2646 statu,
603 2570 700 2635 immo
721 2571 753 2633 et
771 2569 933 2653 aliquanto
949 2574 1023 2652 post
1037 2571 1186 2635 tristitiae
1201 2571 1325 2648 clarior,
1346 2571 1431 2636 siout

236 2691 253 2742 4
280 2681 314 2742 et
336 2695 448 2741 aurum
467 2681 542 2760 post
558 2676 718 2742 fornacem
736 2677 901 2760 limpidius
920 2677 1081 2743 inuenitur
1099 2680 1131 2742 et
1149 2678 1269 2760 purius.
1290 2678 1338 2742 ita
1356 2695 1430 2764 ergo
1446 2695 1472 2738 ao

280 2787 407 2849 nosmet
424 2783 513 2868 ipsos
526 2803 761 2866 praeparemus,
781 2788 827 2863 ut,
848 2785 875 2850 si
891 2785 961 2867 quis
976 2783 1143 2849 nobilitata
1157 2785 1297 2850 familiae
1312 2786 1432 2869 gaudet

282 2894 314 2956 et
350 2891 484 2974 generis,
521 2890 649 2955 studeat
682 2891 777 2956 etiam
810 2891 841 2954 in
875 2891 1016 2955 moribus
1050 2895 1083 2956 at
1115 2889 1283 2975 disciplina
1314 2891 1430 2956 nobilis

281 3016 441 3081 apparere,
465 3001 502 3062 ut
525 3000 557 3062 st
579 2997 738 3062 natalibus
763 2998 974 3062 eliminanda
998 2999 1101 3063 clame
1126 2999 1250 3062 existat.
1278 2998 1430 3083 ignobilis

281 3105 353 3187 quis
381 3110 431 3169 est
454 3105 627 3169 seeundum
651 3105 714 3169 luti
735 3105 831 3170 huius
856 3105 1040 3190 figmentum
1065 3143 1108 3151 -
1133 3105 1161 3168 si
1184 3107 1290 3170 tamen
1314 3124 1432 3188 magna

281 3211 388 3293 aliqua
411 3211 586 3276 differentia
603 3213 687 3276 inter·
705 3213 808 3276 lutum
828 3212 963 3276 habetur
981 3215 1013 3275 et
1030 3212 1134 3276 lutum
1156 3234 1215 3276 -ε
1233 3231 1271 3278 eo
1290 3213 1429 3296 amplius
1445 3231 1471 3274 aa

280 3317 424 3384 honestis
440 3321 471 3384 et
484 3318 593 3382 liberis
608 3318 864 3385 institutionibus
879 3318 1078 3386 nobilitatem
1095 3319 1240 3404 sibiipsa
1255 3304 1430 3402 conquirat,

369 3524 439 3580 tol.
459 3525 553 3584 Horat.
573 3541 652 3580 earm.
672 3525 711 3584 lv
730 3527 756 3590 4,
777 3526 884 3580 57-60

317 3649 330 3702 1
352 3647 510 3718 disciplinae
532 3647 555 3702 0
662 3650 678 3702 3
697 3647 726 3702 in
745 3649 955 3704 talibas-loeis
979 3649 1005 3702 V
1110 3652 1126 3704 5
1145 3651 1199 3704 nisi
1217 3654 1250 3718 (s.
1270 3651 1288 3704 l.
1306 3651 1321 3703 l
1338 3657 1385 3716 ne)
1404 3649 1431 3703 R

280 3753 370 3792 senem
392 3735 534 3808 (γέρονταη
553 3754 644 3802 apponi
665 3737 697 3807 (a.
718 3738 735 3791 l.
754 3745 840 3806 paone
858 3743 916 3805 m2)
937 3737 966 3792 R
984 3755 1044 3792 esse
1061 3753 1114 3791 non
1134 3739 1161 3790 A
1221 3737 1320 3792 uellem
1339 3739 1366 3804 (e
1380 3739 1428 3792 all.

280 3825 398 3895 corilo
451 3825 624 3896 bononiam]
645 3827 707 3896 quia
726 3843 760 3880 ere
778 3843 830 3896 quo
849 3825 878 3881 R
931 3825 1129 3898 9pnlluletR
1148 3825 1300 3895 pululatO
1354 3827 1389 3881 10
1407 3827 1429 3879 si

279 3918 393 3974 liceteoo
411 3915 517 3970 scilieet
535 3914 563 3970 R
600 3915 629 3968 11
652 3913 819 3970 dereuouaaa
836 3917 879 3984 (ta
896 3933 917 3970 a.
938 3916 966 3969 ll
986 3916 1014 3971 R
1069 3915 1102 3970 de
1121 3931 1173 3971 om.
1195 3915 1232 3970 Co
1285 3915 1433 3971 nonstaO

280 4010 447 4063 renouataa
539 4003 662 4058 uiuetO
736 4006 768 4060 12
787 4005 931 4076 adsumpta
953 4005 1005 4060 ΒΟ
1078 4007 1112 4060 14
1130 4005 1301 4059 immolestiis
1316 4005 1430 4075 A,Oa.e.

282 4093 315 4148 16
334 4094 451 4148 tristitia
467 4093 607 4156 mooun.
687 4093 873 4164 quaequan
945 4095 978 4148 17
997 4095 1105 4148 iustitia
1123 4091 1152 4148 R
1220 4095 1254 4148 18
1271 4093 1429 4161 inclinatur]

279 4184 438 4237 incarnatur
456 4185 483 4238 A
562 4185 594 4238 19
614 4181 761 4254 aliquando
783 4182 821 4238 Co
897 4183 932 4238 20
950 4184 1059 4239 louraea
1082 4179 1153 4238 Cam.
1232 4183 1266 4236 22
1285 4182 1314 4236 in
1333 4199 1385 4237 om.
1404 4183 1431 4234 A

275 4265 427 4341 'disciplina
449 4273 552 4327 talibus
575 4277 637 4341 (om.
661 4273 947 4341 nobilis—natalibus)
975 4273 1002 4326 V
1086 4275 1123 4327 26
1146 4271 1336 4326 institionibus
1357 4269 1429 4326 Ono.

280 4362 334 4432 ipsi
354 4361 453 4430 Op.o.,o
525 4368 680 4432 conquaerat
700 4361 774 4418 Ouo.
