3228 4978
260 380 326 444 2m
779 376 895 430 mm

261 577 320 650 est,
344 573 446 637 multo
470 571 574 655 magis
598 570 748 654 loquendi
772 589 809 636 ac
832 569 946 635 silendi
974 573 1101 653 tempus
1130 573 1189 648 est,
1214 570 1305 636 onius
1328 573 1408 634 tem-

259 679 344 762 poris
369 698 425 743 nos
449 696 649 760 nequaquam
674 677 769 742 latuit
791 677 984 741 intellectus.

304 788 333 852 2.
370 786 542 870 Propterea
580 804 654 868 ergo
692 783 838 850 obmutui
876 787 908 848 et
940 783 1128 848 humiliatus
1162 802 1233 848 sum
1268 786 1300 847 et
1332 783 1408 848 silui

259 895 297 958 ab
322 893 407 958 omni
430 893 511 958 bono
536 895 569 956 et
591 891 682 956 uelut
705 891 805 956 nubes
831 889 987 972 quaedam
1011 891 1211 973 superposita
1230 889 1317 955 cordi
1337 909 1407 954 meo

259 1000 363 1064 radios
383 998 536 1064 sermonis
557 997 678 1063 obtexit
697 999 729 1062 et
747 996 835 1062 dolor
853 1015 943 1062 meus
963 996 1174 1061 renouabatur
1188 996 1239 1060 die
1254 1015 1290 1061 ao
1303 1000 1407 1061 nocte.
1441 1018 1456 1058 a

259 1111 330 1172 ante
359 1105 469 1170 oculos
497 1105 579 1170 enirn
609 1104 804 1169 adducebam
833 1102 1060 1168 dissensionem
1090 1121 1126 1167 ac
1154 1102 1325 1167 discidium
1348 1102 1420 1166 fras

258 1217 342 1278 hum
367 1214 400 1277 et
422 1215 527 1276 mente
551 1215 647 1294 atque
671 1211 775 1276 animo
799 1209 1015 1284 tabescebam
1041 1210 1248 1275 consumebat·
1270 1210 1302 1274 in
1327 1210 1408 1292 uigi-

258 1321 310 1385 liis
339 1320 371 1384 in
397 1318 524 1382 ieiuniis
552 1317 585 1381 in
609 1317 805 1382 orationibus
828 1317 860 1380 in
884 1317 1032 1382 lacrimis.
1061 1318 1161 1381 callos
1184 1315 1247 1380 iam
1271 1317 1407 1400 genibus

257 1428 367 1505 inerat,
386 1423 569 1510 indigebam
589 1425 719 1488 uerbera
738 1424 859 1507 pectori
879 1427 911 1488 et
925 1424 1063 1508 gemitus
1079 1423 1117 1487 de
1132 1423 1287 1507 profundo
1303 1424 1407 1488 cordis

257 1553 293 1600 ac
312 1533 350 1598 de
370 1533 491 1598 arcanis
510 1532 688 1596 uisceribus
707 1532 803 1617 longa
821 1532 960 1616 suspiria
978 1531 1199 1616 protrahebam
1220 1532 1407 1616 peruigiles·
1426 1551 1455 1592 1o

212 1657 228 1708 2
256 1660 317 1725 que
340 1645 449 1707 noctes
469 1639 699 1723 cogitationum
719 1639 874 1704 seditione
894 1638 1058 1704 ducebam.
1081 1657 1139 1702 noo
1159 1638 1255 1702 solito
1275 1637 1337 1702 sihi
1355 1639 1405 1703 iti-

257 1767 329 1812 nere
352 1766 442 1812 mens
465 1745 617 1832 pergebat
640 1745 803 1824 addeum,
828 1746 903 1810 dum
924 1745 1122 1810 auulsionem
1143 1748 1175 1809 et
1193 1744 1407 1810 abscisionem

257 1855 388 1919 fratrum
420 1854 609 1918 lamentarer
640 1853 672 1916 in
704 1853 808 1918 terris.
842 1851 1060 1917 desiderabam
1093 1852 1176 1916 enim
1210 1855 1242 1916 et
1273 1852 1406 1916 intentis

257 1981 293 2026 ac
330 1959 540 2044 pendentibus
578 1959 680 2024 oculis
717 1959 915 2042 requirebam
952 1959 1060 2024 uidere
1094 1959 1225 2042 cupiens
1258 1963 1406 2024 sanctum

255 2068 348 2131 illum
374 2066 579 2149 psallentium
609 2066 739 2130 chorum
769 2069 800 2130 et
828 2067 961 2149 gloriam
991 2066 1190 2130 offerentium
1217 2066 1276 2130 deo
1300 2067 1331 2130 in
1357 2084 1453 2130 ec-1s

256 2172 363 2248 alesia,
393 2172 522 2254 cupiens
551 2171 691 2256 aspicere
718 2172 802 2250 illos,
832 2173 945 2254 quiin
973 2173 1045 2256 lego
1069 2172 1188 2252 domini
1211 2171 1405 2237 meditantur

256 2278 306 2342 die
335 2297 370 2342 ao
399 2282 490 2341 nocte
518 2281 551 2341 et
577 2277 783 2342 exaltationes
813 2277 864 2341 dei
892 2279 1022 2343 suntin
1047 2283 1177 2362 gutture
1202 2298 1322 2358 eorum,
1352 2280 1405 2361 qni

256 2385 294 2450 ad
323 2385 501 2467 exemplum
530 2388 563 2449 et
590 2385 870 2450 commonitionem
894 2386 1034 2450 melioris
1059 2386 1143 2450 uitae
1168 2387 1282 2452 ceteris
1306 2387 1405 2452 omni-

255 2491 315 2554 bus
344 2491 461 2555 uiuunt
485 2491 568 2574 legis
597 2491 646 2556 dei
676 2502 771 2574 atque
800 2493 958 2576 euangelii
983 2491 1102 2558 Christi
1128 2493 1219 2558 taciti
1248 2493 1404 2575 praedica-

255 2599 351 2676 tores,
375 2597 406 2661 in
428 2599 543 2682 quibus
563 2598 632 2680 ipse
652 2617 778 2680 quoqne
799 2599 928 2663 habitus
947 2600 1084 2680 praefert
1102 2599 1231 2664 uirtutis
1250 2599 1402 2684 insignia:
1422 2617 1451 2660 ao

210 2717 226 2768 3
255 2704 412 2768 hirsutum
447 2710 544 2788 caput
574 2705 746 2787 incomptas
774 2709 806 2770 ot
833 2705 1034 2772 horrentibus
1063 2707 1162 2771 comis
1191 2710 1224 2771 et
1251 2711 1405 2790 quantum

343 2998 1188 3086 aommamamnanommc

292 3213 305 3265 1
321 3228 368 3280 pr.
389 3212 440 3280 est]
461 3214 490 3266 et
509 3211 574 3265 add.
593 3212 621 3264 A
693 3213 790 3282 magis]
811 3216 840 3266 et
858 3213 922 3266 add.
946 3212 1037 3268 OAOv
1087 3213 1293 3284 2nequaqnam
1311 3218 1404 3270 nosA
1606 3251 1607 3296 p

254 3300 605 3369 3obmntnilma.b)0
658 3304 729 3356 dab
749 3303 821 3355 omni
839 3319 860 3356 a.
882 3301 948 3356 to
1015 3303 1260 3371 abono(aer.)0
1322 3307 1403 3360 corde

253 3389 330 3443 Rae.
387 3392 402 3444 5
422 3405 558 3443 sermones
577 3390 657 3444 Rae.
677 3407 813 3444 sermones
832 3391 853 3460 (i
871 3408 892 3444 a.
913 3391 938 3458 e)
960 3392 983 3446 Ο
1045 3393 1061 3444 6
1081 3393 1288 3464 dissensionem]
1308 3393 1403 3448 discis-

254 3478 357 3530 sionem
375 3477 404 3531 R
459 3477 632 3533 ltabescam
654 3478 725 3534 Cae.
794 3479 859 3532 8et
878 3479 1045 3534 orationibus
1064 3481 1092 3534 A
1164 3491 1193 3534 et
1210 3482 1330 3536 lacrimis
1352 3482 1404 3536 OA

254 3569 281 3618 et
300 3565 328 3618 in
346 3565 499 3620 lacrimiso
554 3567 687 3635 9inerat]
707 3566 852 3620 inherebat
873 3566 911 3621 Oc
985 3572 1095 3637 pectora
1114 3569 1134 3625 ti
1153 3585 1174 3626 a.
1194 3572 1222 3637 a)
1241 3569 1268 3625 R
1308 3571 1341 3624 10
1360 3587 1402 3624 ar·

254 3653 345 3707 chunia
367 3653 529 3724 Cl⁷,Op.c.‚o
547 3655 709 3709 archananis
732 3655 759 3708 V
839 3657 971 3727 perlonga
989 3657 1016 3712 R
1098 3658 1129 3710 11
1151 3659 1402 3728 cogitationumque

253 3739 413 3796 seditionem
432 3745 460 3796 A
532 3743 680 3798 seditione·
702 3742 792 3798 Osed
810 3746 872 3798 istis
892 3745 973 3799 neV
1047 3747 1106 3816 nec]
1126 3763 1179 3800 non
1198 3747 1226 3802 R
1297 3748 1402 3801 itenere

254 3829 328 3886 Cae.
385 3832 417 3885 12
437 3833 623 3887 aduulsionem
646 3833 720 3887 Coc.
802 3834 943 3889 ancisione
963 3839 991 3889 et
1009 3835 1161 3890 abscisione
1175 3837 1253 3905 Ape.
1310 3837 1400 3891 1312-

252 3925 387 3976 attentaret
407 3922 456 3977 ΟΔ
480 3923 675 3976 larnentaretnr
695 3923 734 3978 Oc
865 3925 898 3978 14
922 3925 1066 3994 pendentis
1089 3925 1161 3981 Cae.
1184 3926 1402 3980 renitentibuso

254 4011 286 4064 15
305 4011 432 4080 gloriam]
452 4012 598 4081 gloriosam
617 4011 646 4066 R
719 4013 752 4067 16
771 4013 852 4083 plebe
872 4016 983 4083 cupiens
1001 4016 1121 4084 aspicere
1139 4015 1168 4069 R
1245 4015 1278 4069 17
1298 4016 1400 4069 exalta·

252 4101 340 4154 tiones
359 4099 495 4170 (ὑψώσεις)
514 4100 540 4152 V
552 4101 732 4172 exaltationes
751 4104 779 4170 (u
793 4119 814 4156 a.
831 4107 857 4173 a)
871 4102 899 4157 R
914 4103 1095 4158 exultationes
1111 4110 1188 4158 ceto
1243 4106 1289 4173 qui
1304 4103 1349 4173 ad]
1366 4103 1400 4158 ad

252 4189 303 4242 hoc
326 4189 353 4243 V
440 4190 472 4244 19
491 4189 693 4260 praedicatores
711 4195 752 4259 (to
770 4209 792 4247 a.
812 4193 841 4260 1.)
860 4193 888 4248 R
970 4193 1005 4247 20
1024 4195 1173 4260 uirtutibus
1193 4197 1222 4262 (tl
1240 4209 1262 4248 a.
1281 4192 1354 4260 ibus)
1377 4195 1401 4248 0

251 4276 285 4329 21
305 4276 445 4346 hyrsutum
466 4277 552 4347 capud
571 4278 598 4331 A
