<?xml version="1.0" encoding="UTF-8"?>
<!DOCTYPE html PUBLIC "-//W3C//DTD XHTML 1.0 Transitional//EN"
    "http://www.w3.org/TR/xhtml1/DTD/xhtml1-transitional.dtd">
<html xmlns="http://www.w3.org/1999/xhtml" xml:lang="en" lang="en">
 <head>
  <title>
</title>
<meta http-equiv="Content-Type" content="text/html;charset=utf-8" />
  <meta name='ocr-system' content='tesseract 3.04.00' />
  <meta name='ocr-capabilities' content='ocr_page ocr_carea ocr_par ocr_line ocrx_word'/>
</head>
<body>
  <div class='ocr_page' id='page_1' title='image "./tyranniirvfinio00engegoog_0160.png"; bbox 0 0 3214 4988; ppageno 0'>
   <div class='ocr_carea' id='block_1_1' title="bbox 546 445 1331 514">
    <p class='ocr_par' dir='ltr' id='par_1_1' title="bbox 546 445 1331 514">
     <span class='ocr_line' id='line_1_1' title="bbox 546 445 1331 514; baseline 0.001 -17"><span class='ocrx_word' id='word_1_1' title='bbox 546 445 568 497; x_wconf 92' lang='grc' dir='ltr'>Ι.</span> <span class='ocrx_word' id='word_1_2' title='bbox 588 445 831 514; x_wconf 84' lang='lat' dir='ltr'>Apologetions</span> <span class='ocrx_word' id='word_1_3' title='bbox 851 445 965 498; x_wconf 78' lang='lat'><strong>74-77.</strong></span> <span class='ocrx_word' id='word_1_4' title='bbox 1290 447 1331 511; x_wconf 85' lang='lat'>59</span> 
     </span>
    </p>
   </div>
   <div class='ocr_carea' id='block_1_2' title="bbox 132 639 1377 3278">
    <p class='ocr_par' dir='ltr' id='par_1_2' title="bbox 132 639 1377 3278">
     <span class='ocr_line' id='line_1_2' title="bbox 182 639 1377 724; baseline -0.006 -20"><span class='ocrx_word' id='word_1_5' title='bbox 182 641 402 724; x_wconf 82' lang='lat' dir='ltr'>adproximare</span> <span class='ocrx_word' id='word_1_6' title='bbox 431 645 463 704; x_wconf 91' lang='lat' dir='ltr'>et</span> <span class='ocrx_word' id='word_1_7' title='bbox 490 641 585 724; x_wconf 84' lang='lat' dir='ltr'>longo</span> <span class='ocrx_word' id='word_1_8' title='bbox 618 641 781 723; x_wconf 79' lang='lat' dir='ltr'>positum?</span> <span class='ocrx_word' id='word_1_9' title='bbox 815 639 905 716; x_wconf 84' lang='lat' dir='ltr'>diri,</span> <span class='ocrx_word' id='word_1_10' title='bbox 938 639 1052 722; x_wconf 89' lang='lat' dir='ltr'>inquit,</span> <span class='ocrx_word' id='word_1_11' title='bbox 1087 640 1251 722; x_wconf 86' lang='lat' dir='ltr'>sapiens</span> <span class='ocrx_word' id='word_1_12' title='bbox 1285 641 1333 704; x_wconf 85' lang='lat' dir='ltr'>ef·</span> <span class='ocrx_word' id='word_1_13' title='bbox 1361 645 1377 697; x_wconf 88' lang='grc'>2</span> 
     </span>
     <span class='ocr_line' id='line_1_3' title="bbox 181 745 1334 830; baseline 0 -20"><span class='ocrx_word' id='word_1_14' title='bbox 181 747 314 826; x_wconf 80' lang='lat' dir='ltr'>ficiat,</span> <span class='ocrx_word' id='word_1_15' title='bbox 345 747 504 826; x_wconf 78' lang='lat' dir='ltr'><strong>Salomon,</strong></span> <span class='ocrx_word' id='word_1_16' title='bbox 534 750 573 812; x_wconf 90' lang='lat' dir='ltr'>et</span> <span class='ocrx_word' id='word_1_17' title='bbox 595 747 685 830; x_wconf 90' lang='lat' dir='ltr'>ipsa</span> <span class='ocrx_word' id='word_1_18' title='bbox 710 747 917 830; x_wconf 89' lang='lat' dir='ltr'>sapientia</span> <span class='ocrx_word' id='word_1_19' title='bbox 939 748 1059 830; x_wconf 84' lang='lat' dir='ltr'>longe</span> <span class='ocrx_word' id='word_1_20' title='bbox 1088 745 1197 810; x_wconf 87' lang='lat' dir='ltr'>faeta</span> <span class='ocrx_word' id='word_1_21' title='bbox 1225 750 1288 810; x_wconf 88' lang='lat' dir='ltr'>est</span> <span class='ocrx_word' id='word_1_22' title='bbox 1316 766 1334 810; x_wconf 89' lang='lat' dir='ltr'>a</span> 
     </span>
     <span class='ocr_line' id='line_1_4' title="bbox 180 852 1331 939; baseline -0.004 -17"><span class='ocrx_word' id='word_1_23' title='bbox 180 875 251 934; x_wconf 86' lang='lat' dir='ltr'>me,</span> <span class='ocrx_word' id='word_1_24' title='bbox 278 855 400 939; x_wconf 83' lang='lat' dir='ltr'>longe</span> <span class='ocrx_word' id='word_1_25' title='bbox 428 853 520 938; x_wconf 88' lang='lat' dir='ltr'>plus</span> <span class='ocrx_word' id='word_1_26' title='bbox 550 872 663 937; x_wconf 90' lang='lat' dir='ltr'>quam</span> <span class='ocrx_word' id='word_1_27' title='bbox 693 857 855 919; x_wconf 83' lang='lat' dir='ltr'>erat-et</span> <span class='ocrx_word' id='word_1_28' title='bbox 882 854 948 936; x_wconf 89' lang='lat' dir='ltr'>qui</span> <span class='ocrx_word' id='word_1_29' title='bbox 977 852 1180 918; x_wconf 87' lang='lat' dir='ltr'>adiecerit</span> <span class='ocrx_word' id='word_1_30' title='bbox 1209 853 1331 917; x_wconf 89' lang='lat' dir='ltr'>scien-</span> 
     </span>
     <span class='ocr_line' id='line_1_5' title="bbox 181 959 1333 1044; baseline -0.002 -18"><span class='ocrx_word' id='word_1_31' title='bbox 181 963 278 1026; x_wconf 86' lang='lat' dir='ltr'>tiam</span> <span class='ocrx_word' id='word_1_32' title='bbox 316 961 470 1028; x_wconf 84' lang='lat' dir='ltr'>adiciet</span> <span class='ocrx_word' id='word_1_33' title='bbox 508 961 698 1037; x_wconf 86' lang='lat' dir='ltr'>dolerem,</span> <span class='ocrx_word' id='word_1_34' title='bbox 737 960 811 1044; x_wconf 90' lang='lat' dir='ltr'>quia</span> <span class='ocrx_word' id='word_1_35' title='bbox 843 980 902 1025; x_wconf 92' lang='lat' dir='ltr'>non</span> <span class='ocrx_word' id='word_1_36' title='bbox 936 963 1058 1026; x_wconf 90' lang='lat' dir='ltr'>tantum</span> <span class='ocrx_word' id='word_1_37' title='bbox 1091 959 1266 1025; x_wconf 85' lang='lat' dir='ltr'>laetificant</span> <span class='ocrx_word' id='word_1_38' title='bbox 1296 979 1333 1024; x_wconf 89' lang='lat' dir='ltr'>ee</span> 
     </span>
     <span class='ocr_line' id='line_1_6' title="bbox 149 1065 1333 1150; baseline -0.003 -18"><span class='ocrx_word' id='word_1_39' title='bbox 149 1087 262 1150; x_wconf 79' lang='lat' dir='ltr'>equae</span> <span class='ocrx_word' id='word_1_40' title='bbox 293 1069 423 1134; x_wconf 83' lang='lat' dir='ltr'>inuenta</span> <span class='ocrx_word' id='word_1_41' title='bbox 455 1070 530 1134; x_wconf 90' lang='lat' dir='ltr'>suut</span> <span class='ocrx_word' id='word_1_42' title='bbox 561 1086 616 1150; x_wconf 93' lang='lat' dir='ltr'>per</span> <span class='ocrx_word' id='word_1_43' title='bbox 653 1067 826 1146; x_wconf 81' lang='lat' dir='ltr'>scientiam,</span> <span class='ocrx_word' id='word_1_44' title='bbox 864 1072 1017 1148; x_wconf 88' lang='lat' dir='ltr'>quantum</span> <span class='ocrx_word' id='word_1_45' title='bbox 1055 1066 1243 1130; x_wconf 81' lang='lat' dir='ltr'>contristent</span> <span class='ocrx_word' id='word_1_46' title='bbox 1278 1065 1333 1129; x_wconf 89' lang='lat' dir='ltr'>illa</span> 
     </span>
     <span class='ocr_line' id='line_1_7' title="bbox 181 1171 1334 1258; baseline -0.003 -18"><span class='ocrx_word' id='word_1_47' title='bbox 181 1193 262 1257; x_wconf 90' lang='lat' dir='ltr'>quae</span> <span class='ocrx_word' id='word_1_48' title='bbox 286 1175 442 1258; x_wconf 84' lang='lat' dir='ltr'>effugiunt</span> <span class='ocrx_word' id='word_1_49' title='bbox 465 1179 497 1239; x_wconf 86' lang='lat' dir='ltr'>et</span> <span class='ocrx_word' id='word_1_50' title='bbox 520 1174 730 1257; x_wconf 80' lang='lat' dir='ltr'>conprehendi</span> <span class='ocrx_word' id='word_1_51' title='bbox 754 1193 813 1238; x_wconf 90' lang='lat' dir='ltr'>non</span> <span class='ocrx_word' id='word_1_52' title='bbox 833 1175 979 1256; x_wconf 89' lang='lat' dir='ltr'>possunt,</span> <span class='ocrx_word' id='word_1_53' title='bbox 1004 1171 1088 1238; x_wconf 89' lang='lat' dir='ltr'>sicut</span> <span class='ocrx_word' id='word_1_54' title='bbox 1107 1172 1231 1236; x_wconf 91' lang='lat' dir='ltr'>euenire</span> <span class='ocrx_word' id='word_1_55' title='bbox 1251 1173 1334 1237; x_wconf 91' lang='lat' dir='ltr'>solet</span> 
     </span>
     <span class='ocr_line' id='line_1_8' title="bbox 179 1278 1117 1364; baseline -0.002 -21"><span class='ocrx_word' id='word_1_56' title='bbox 179 1281 230 1344; x_wconf 92' lang='lat' dir='ltr'>his</span> <span class='ocrx_word' id='word_1_57' title='bbox 255 1281 372 1364; x_wconf 87' lang='lat' dir='ltr'>quibus</span> <span class='ocrx_word' id='word_1_58' title='bbox 397 1280 499 1346; x_wconf 87' lang='lat' dir='ltr'>adhuc</span> <span class='ocrx_word' id='word_1_59' title='bbox 524 1279 708 1344; x_wconf 78' lang='lat' dir='ltr'>sitientibus</span> <span class='ocrx_word' id='word_1_60' title='bbox 732 1278 929 1344; x_wconf 76' lang='lat' dir='ltr'>abstrahitur</span> <span class='ocrx_word' id='word_1_61' title='bbox 955 1281 1117 1362; x_wconf 87' lang='lat' dir='ltr'>poculum.</span> 
     </span>
     <span class='ocr_line' id='line_1_9' title="bbox 226 1382 1331 1468; baseline -0.003 -18"><span class='ocrx_word' id='word_1_62' title='bbox 226 1388 277 1450; x_wconf 85' lang='grc'>76.</span> <span class='ocrx_word' id='word_1_63' title='bbox 312 1387 399 1452; x_wconf 88' lang='grc' dir='ltr'>Η222</span> <span class='ocrx_word' id='word_1_64' title='bbox 432 1389 507 1450; x_wconf 88' lang='lat' dir='ltr'>sunt</span> <span class='ocrx_word' id='word_1_65' title='bbox 539 1405 619 1468; x_wconf 89' lang='lat' dir='ltr'>quae</span> <span class='ocrx_word' id='word_1_66' title='bbox 651 1386 731 1449; x_wconf 89' lang='lat' dir='ltr'>mibi</span> <span class='ocrx_word' id='word_1_67' title='bbox 764 1385 941 1450; x_wconf 74' lang='lat' dir='ltr'>suadebant</span> <span class='ocrx_word' id='word_1_68' title='bbox 972 1385 1088 1449; x_wconf 92' lang='lat' dir='ltr'>melius</span> <span class='ocrx_word' id='word_1_69' title='bbox 1121 1401 1191 1448; x_wconf 90' lang='lat' dir='ltr'>esse</span> <span class='ocrx_word' id='word_1_70' title='bbox 1224 1382 1331 1448; x_wconf 88' lang='lat' dir='ltr'>audire</span> 
     </span>
     <span class='ocr_line' id='line_1_10' title="bbox 178 1489 1330 1574; baseline -0.003 -17"><span class='ocrx_word' id='word_1_71' title='bbox 178 1511 292 1557; x_wconf 86' lang='lat' dir='ltr'>uocem</span> <span class='ocrx_word' id='word_1_72' title='bbox 316 1493 480 1558; x_wconf 90' lang='lat' dir='ltr'>doctorum</span> <span class='ocrx_word' id='word_1_73' title='bbox 506 1511 599 1574; x_wconf 91' lang='lat' dir='ltr'>quam</span> <span class='ocrx_word' id='word_1_74' title='bbox 624 1511 720 1574; x_wconf 85' lang='lat' dir='ltr'>supra</span> <span class='ocrx_word' id='word_1_75' title='bbox 743 1491 828 1556; x_wconf 87' lang='lat' dir='ltr'>uires</span> <span class='ocrx_word' id='word_1_76' title='bbox 852 1491 919 1554; x_wconf 90' lang='lat' dir='ltr'>fieri</span> <span class='ocrx_word' id='word_1_77' title='bbox 944 1491 1119 1558; x_wconf 87' lang='lat' dir='ltr'>doctorem:</span> <span class='ocrx_word' id='word_1_78' title='bbox 1144 1489 1171 1554; x_wconf 90' lang='lat' dir='ltr'>si</span> <span class='ocrx_word' id='word_1_79' title='bbox 1195 1489 1330 1554; x_wconf 86' lang='lat' dir='ltr'>altitudo</span> 
     </span>
     <span class='ocr_line' id='line_1_11' title="bbox 135 1595 1330 1682; baseline -0.003 -20"><span class='ocrx_word' id='word_1_80' title='bbox 135 1619 161 1662; x_wconf 91' lang='lat' dir='ltr'>m</span> <span class='ocrx_word' id='word_1_81' title='bbox 179 1599 366 1663; x_wconf 85' lang='lat' dir='ltr'>caelestium</span> <span class='ocrx_word' id='word_1_82' title='bbox 396 1603 428 1662; x_wconf 91' lang='lat' dir='ltr'>et</span> <span class='ocrx_word' id='word_1_83' title='bbox 456 1598 577 1682; x_wconf 86' lang='lat' dir='ltr'>puritas</span> <span class='ocrx_word' id='word_1_84' title='bbox 608 1617 815 1679; x_wconf 87' lang='lat' dir='ltr'>supernorum</span> <span class='ocrx_word' id='word_1_85' title='bbox 844 1597 896 1662; x_wconf 84' lang='lat' dir='ltr'>uix</span> <span class='ocrx_word' id='word_1_86' title='bbox 928 1600 1064 1678; x_wconf 89' lang='lat' dir='ltr'>possunt</span> <span class='ocrx_word' id='word_1_87' title='bbox 1097 1615 1207 1678; x_wconf 90' lang='lat' dir='ltr'>capere</span> <span class='ocrx_word' id='word_1_88' title='bbox 1242 1595 1330 1659; x_wconf 88' lang='lat' dir='ltr'>clari·</span> 
     </span>
     <span class='ocr_line' id='line_1_12' title="bbox 178 1701 1332 1788; baseline -0.004 -18"><span class='ocrx_word' id='word_1_89' title='bbox 178 1707 278 1770; x_wconf 85' lang='lat' dir='ltr'>tatem</span> <span class='ocrx_word' id='word_1_90' title='bbox 303 1706 363 1783; x_wconf 88' lang='lat' dir='ltr'>dei,</span> <span class='ocrx_word' id='word_1_91' title='bbox 392 1707 483 1771; x_wconf 91' lang='lat' dir='ltr'>euius</span> <span class='ocrx_word' id='word_1_92' title='bbox 508 1705 641 1788; x_wconf 84' lang='lat' dir='ltr'>abyssus</span> <span class='ocrx_word' id='word_1_93' title='bbox 667 1704 860 1787; x_wconf 81' lang='lat' dir='ltr'>opertorium</span> <span class='ocrx_word' id='word_1_94' title='bbox 885 1711 943 1781; x_wconf 86' lang='lat' dir='ltr'>est,</span> <span class='ocrx_word' id='word_1_95' title='bbox 974 1704 1066 1768; x_wconf 86' lang='lat' dir='ltr'>euius</span> <span class='ocrx_word' id='word_1_96' title='bbox 1091 1703 1237 1767; x_wconf 82' lang='lat' dir='ltr'>tenebrae</span> <span class='ocrx_word' id='word_1_97' title='bbox 1260 1701 1332 1766; x_wconf 88' lang='lat' dir='ltr'>lati-</span> 
     </span>
     <span class='ocr_line' id='line_1_13' title="bbox 178 1809 1330 1896; baseline 0 -22"><span class='ocrx_word' id='word_1_98' title='bbox 178 1811 301 1890; x_wconf 85' lang='lat' dir='ltr'>bulum,</span> <span class='ocrx_word' id='word_1_99' title='bbox 326 1831 399 1878; x_wconf 92' lang='lat' dir='ltr'>cum</span> <span class='ocrx_word' id='word_1_100' title='bbox 421 1813 475 1876; x_wconf 83' lang='lat' dir='ltr'>lux</span> <span class='ocrx_word' id='word_1_101' title='bbox 492 1814 562 1896; x_wconf 90' lang='lat' dir='ltr'>ipse</span> <span class='ocrx_word' id='word_1_102' title='bbox 582 1812 626 1877; x_wconf 90' lang='lat' dir='ltr'>sit</span> <span class='ocrx_word' id='word_1_103' title='bbox 643 1815 732 1878; x_wconf 88' lang='lat' dir='ltr'>totus</span> <span class='ocrx_word' id='word_1_104' title='bbox 751 1816 784 1876; x_wconf 91' lang='lat' dir='ltr'>et</span> <span class='ocrx_word' id='word_1_105' title='bbox 802 1811 907 1876; x_wconf 89' lang='lat' dir='ltr'>lucem</span> <span class='ocrx_word' id='word_1_106' title='bbox 926 1809 1050 1875; x_wconf 89' lang='lat' dir='ltr'>habitet</span> <span class='ocrx_word' id='word_1_107' title='bbox 1067 1809 1330 1882; x_wconf 78' lang='lat' dir='ltr'>inaccessibilem,</span> 
     </span>
     <span class='ocr_line' id='line_1_14' title="bbox 179 1916 1331 1999; baseline -0.002 -18"><span class='ocrx_word' id='word_1_108' title='bbox 179 1917 289 1998; x_wconf 89' lang='lat' dir='ltr'>quiin</span> <span class='ocrx_word' id='word_1_109' title='bbox 314 1918 460 1984; x_wconf 92' lang='lat' dir='ltr'>omnibus</span> <span class='ocrx_word' id='word_1_110' title='bbox 485 1922 534 1984; x_wconf 89' lang='lat' dir='ltr'>est</span> <span class='ocrx_word' id='word_1_111' title='bbox 558 1922 590 1983; x_wconf 95' lang='lat' dir='ltr'>et</span> <span class='ocrx_word' id='word_1_112' title='bbox 613 1921 698 1983; x_wconf 84' lang='lat' dir='ltr'>entra</span> <span class='ocrx_word' id='word_1_113' title='bbox 722 1937 829 1983; x_wconf 89' lang='lat' dir='ltr'>omnes</span> <span class='ocrx_word' id='word_1_114' title='bbox 854 1921 913 1994; x_wconf 86' lang='lat' dir='ltr'>est,</span> <span class='ocrx_word' id='word_1_115' title='bbox 942 1917 996 1999; x_wconf 89' lang='lat' dir='ltr'>qui</span> <span class='ocrx_word' id='word_1_116' title='bbox 1021 1916 1253 1982; x_wconf 91' lang='lat' dir='ltr'>omnebonum</span> <span class='ocrx_word' id='word_1_117' title='bbox 1282 1919 1331 1980; x_wconf 90' lang='lat' dir='ltr'>est</span> 
     </span>
     <span class='ocr_line' id='line_1_15' title="bbox 180 2019 1331 2108; baseline -0.003 -20"><span class='ocrx_word' id='word_1_118' title='bbox 180 2026 212 2088; x_wconf 88' lang='lat' dir='ltr'>et</span> <span class='ocrx_word' id='word_1_119' title='bbox 235 2044 330 2108; x_wconf 89' lang='lat' dir='ltr'>supra</span> <span class='ocrx_word' id='word_1_120' title='bbox 358 2045 450 2090; x_wconf 88' lang='lat' dir='ltr'>omne</span> <span class='ocrx_word' id='word_1_121' title='bbox 478 2025 595 2090; x_wconf 90' lang='lat' dir='ltr'>bonum</span> <span class='ocrx_word' id='word_1_122' title='bbox 624 2026 684 2102; x_wconf 86' lang='lat' dir='ltr'>est,</span> <span class='ocrx_word' id='word_1_123' title='bbox 715 2025 770 2106; x_wconf 90' lang='lat' dir='ltr'>qui</span> <span class='ocrx_word' id='word_1_124' title='bbox 797 2023 966 2088; x_wconf 89' lang='lat' dir='ltr'>inluminat</span> <span class='ocrx_word' id='word_1_125' title='bbox 994 2025 1132 2088; x_wconf 87' lang='lat' dir='ltr'>mentem</span> <span class='ocrx_word' id='word_1_126' title='bbox 1161 2025 1193 2088; x_wconf 92' lang='lat' dir='ltr'>et</span> <span class='ocrx_word' id='word_1_127' title='bbox 1220 2019 1331 2105; x_wconf 85' lang='lat' dir='ltr'>effugit</span> 
     </span>
     <span class='ocr_line' id='line_1_16' title="bbox 134 2129 1330 2212; baseline -0.004 -16"><span class='ocrx_word' id='word_1_128' title='bbox 134 2135 315 2196; x_wconf 83' lang='lat' dir='ltr'>remantem</span> <span class='ocrx_word' id='word_1_129' title='bbox 344 2132 375 2195; x_wconf 91' lang='lat' dir='ltr'>in</span> <span class='ocrx_word' id='word_1_130' title='bbox 408 2135 532 2198; x_wconf 91' lang='lat' dir='ltr'>tautum</span> <span class='ocrx_word' id='word_1_131' title='bbox 566 2131 716 2196; x_wconf 86' lang='lat' dir='ltr'>secedens</span> <span class='ocrx_word' id='word_1_132' title='bbox 751 2133 904 2212; x_wconf 89' lang='lat' dir='ltr'>quantum</span> <span class='ocrx_word' id='word_1_133' title='bbox 937 2129 1109 2195; x_wconf 86' lang='lat' dir='ltr'>accesseris</span> <span class='ocrx_word' id='word_1_134' title='bbox 1143 2147 1239 2195; x_wconf 89' lang='lat' dir='ltr'>sensu</span> <span class='ocrx_word' id='word_1_135' title='bbox 1272 2129 1330 2192; x_wconf 90' lang='lat' dir='ltr'>sci·</span> 
     </span>
     <span class='ocr_line' id='line_1_17' title="bbox 178 2235 1332 2320; baseline -0.002 -20"><span class='ocrx_word' id='word_1_136' title='bbox 178 2237 266 2316; x_wconf 87' lang='lat' dir='ltr'>licet,</span> <span class='ocrx_word' id='word_1_137' title='bbox 303 2243 350 2314; x_wconf 92' lang='lat' dir='ltr'>ut,</span> <span class='ocrx_word' id='word_1_138' title='bbox 389 2238 463 2303; x_wconf 94' lang='lat' dir='ltr'>dum</span> <span class='ocrx_word' id='word_1_139' title='bbox 495 2237 564 2320; x_wconf 88' lang='lat' dir='ltr'>ipse</span> <span class='ocrx_word' id='word_1_140' title='bbox 597 2239 682 2302; x_wconf 88' lang='lat' dir='ltr'>ultre</span> <span class='ocrx_word' id='word_1_141' title='bbox 712 2237 832 2320; x_wconf 81' lang='lat' dir='ltr'>refugit</span> <span class='ocrx_word' id='word_1_142' title='bbox 864 2240 895 2300; x_wconf 91' lang='lat' dir='ltr'>et</span> <span class='ocrx_word' id='word_1_143' title='bbox 928 2235 1080 2313; x_wconf 84' lang='lat' dir='ltr'>abscedit,</span> <span class='ocrx_word' id='word_1_144' title='bbox 1118 2237 1269 2318; x_wconf 88' lang='lat' dir='ltr'>prouocet</span> <span class='ocrx_word' id='word_1_145' title='bbox 1299 2239 1332 2300; x_wconf 87' lang='lat' dir='ltr'>et</span> 
     </span>
     <span class='ocr_line' id='line_1_18' title="bbox 177 2341 1328 2426; baseline -0.003 -17"><span class='ocrx_word' id='word_1_146' title='bbox 177 2345 295 2410; x_wconf 92' lang='lat' dir='ltr'>inuitet</span> <span class='ocrx_word' id='word_1_147' title='bbox 317 2345 356 2408; x_wconf 89' lang='lat' dir='ltr'>ad</span> <span class='ocrx_word' id='word_1_148' title='bbox 379 2345 528 2410; x_wconf 87' lang='lat' dir='ltr'>interiora</span> <span class='ocrx_word' id='word_1_149' title='bbox 552 2347 725 2410; x_wconf 90' lang='lat' dir='ltr'>amatorem</span> <span class='ocrx_word' id='word_1_150' title='bbox 750 2345 800 2410; x_wconf 91' lang='lat' dir='ltr'>sui</span> <span class='ocrx_word' id='word_1_151' title='bbox 820 2343 1007 2426; x_wconf 87' lang='lat' dir='ltr'>etamplius</span> <span class='ocrx_word' id='word_1_152' title='bbox 1027 2342 1232 2419; x_wconf 87' lang='lat' dir='ltr'>desideretur,</span> <span class='ocrx_word' id='word_1_153' title='bbox 1253 2341 1328 2406; x_wconf 91' lang='lat' dir='ltr'>dum</span> 
     </span>
     <span class='ocr_line' id='line_1_19' title="bbox 178 2450 785 2534; baseline -0.002 -20"><span class='ocrx_word' id='word_1_154' title='bbox 178 2451 241 2515; x_wconf 90' lang='lat' dir='ltr'>iam</span> <span class='ocrx_word' id='word_1_155' title='bbox 266 2451 357 2534; x_wconf 87' lang='lat' dir='ltr'>quasi</span> <span class='ocrx_word' id='word_1_156' title='bbox 380 2451 615 2534; x_wconf 88' lang='lat' dir='ltr'>conprehensus</span> <span class='ocrx_word' id='word_1_157' title='bbox 640 2450 785 2515; x_wconf 88' lang='lat' dir='ltr'>elabitur.</span> 
     </span>
     <span class='ocr_line' id='line_1_20' title="bbox 224 2554 1329 2641; baseline 0 -20"><span class='ocrx_word' id='word_1_158' title='bbox 224 2559 275 2624; x_wconf 83' lang='lat'>77.</span> <span class='ocrx_word' id='word_1_159' title='bbox 299 2557 378 2623; x_wconf 78' lang='lat' dir='ltr'>Cum</span> <span class='ocrx_word' id='word_1_160' title='bbox 403 2577 478 2641; x_wconf 85' lang='lat' dir='ltr'>ergo</span> <span class='ocrx_word' id='word_1_161' title='bbox 501 2556 576 2621; x_wconf 91' lang='lat' dir='ltr'>talis</span> <span class='ocrx_word' id='word_1_162' title='bbox 600 2561 633 2620; x_wconf 88' lang='lat' dir='ltr'>et</span> <span class='ocrx_word' id='word_1_163' title='bbox 655 2560 763 2621; x_wconf 89' lang='lat' dir='ltr'>tantus</span> <span class='ocrx_word' id='word_1_164' title='bbox 788 2556 831 2620; x_wconf 92' lang='lat' dir='ltr'>sit</span> <span class='ocrx_word' id='word_1_165' title='bbox 855 2575 948 2637; x_wconf 90' lang='lat' dir='ltr'>quem</span> <span class='ocrx_word' id='word_1_166' title='bbox 973 2554 1153 2638; x_wconf 86' lang='lat' dir='ltr'>quaerimus</span> <span class='ocrx_word' id='word_1_167' title='bbox 1177 2557 1209 2617; x_wconf 86' lang='lat' dir='ltr'>et</span> <span class='ocrx_word' id='word_1_168' title='bbox 1234 2573 1329 2637; x_wconf 87' lang='lat' dir='ltr'>quem</span> 
     </span>
     <span class='ocr_line' id='line_1_21' title="bbox 132 2659 1328 2748; baseline -0.003 -20"><span class='ocrx_word' id='word_1_169' title='bbox 132 2685 161 2728; x_wconf 88' lang='lat' dir='ltr'>ao</span> <span class='ocrx_word' id='word_1_170' title='bbox 179 2664 406 2741; x_wconf 88' lang='lat' dir='ltr'>desideramus,</span> <span class='ocrx_word' id='word_1_171' title='bbox 435 2683 527 2748; x_wconf 88' lang='lat' dir='ltr'>quem</span> <span class='ocrx_word' id='word_1_172' title='bbox 553 2663 716 2745; x_wconf 89' lang='lat' dir='ltr'>sequimur·</span> <span class='ocrx_word' id='word_1_173' title='bbox 739 2667 771 2726; x_wconf 89' lang='lat' dir='ltr'>et</span> <span class='ocrx_word' id='word_1_174' title='bbox 795 2662 834 2726; x_wconf 90' lang='lat' dir='ltr'>ad</span> <span class='ocrx_word' id='word_1_175' title='bbox 859 2681 953 2744; x_wconf 89' lang='lat' dir='ltr'>quem</span> <span class='ocrx_word' id='word_1_176' title='bbox 976 2661 1174 2739; x_wconf 85' lang='lat' dir='ltr'>festinamus,</span> <span class='ocrx_word' id='word_1_177' title='bbox 1204 2659 1328 2741; x_wconf 90' lang='lat' dir='ltr'>qualem</span> 
     </span>
     <span class='ocr_line' id='line_1_22' title="bbox 179 2767 1328 2854; baseline -0.006 -19"><span class='ocrx_word' id='word_1_178' title='bbox 179 2774 304 2854; x_wconf 88' lang='lat' dir='ltr'>eportet</span> <span class='ocrx_word' id='word_1_179' title='bbox 331 2789 401 2836; x_wconf 88' lang='lat' dir='ltr'>esse</span> <span class='ocrx_word' id='word_1_180' title='bbox 434 2789 515 2850; x_wconf 90' lang='lat' dir='ltr'>eum,</span> <span class='ocrx_word' id='word_1_181' title='bbox 548 2789 602 2852; x_wconf 88' lang='lat' dir='ltr'>per</span> <span class='ocrx_word' id='word_1_182' title='bbox 635 2789 727 2852; x_wconf 88' lang='lat' dir='ltr'>quem</span> <span class='ocrx_word' id='word_1_183' title='bbox 760 2767 975 2832; x_wconf 90' lang='lat' dir='ltr'>desiderantes</span> <span class='ocrx_word' id='word_1_184' title='bbox 1010 2767 1130 2831; x_wconf 89' lang='lat' dir='ltr'>animae</span> <span class='ocrx_word' id='word_1_185' title='bbox 1163 2785 1328 2832; x_wconf 87' lang='lat' dir='ltr'>accessum</span> 
     </span>
     <span class='ocr_line' id='line_1_23' title="bbox 177 2873 1327 2958; baseline -0.005 -16"><span class='ocrx_word' id='word_1_186' title='bbox 177 2878 293 2943; x_wconf 87' lang='lat' dir='ltr'>habore</span> <span class='ocrx_word' id='word_1_187' title='bbox 320 2877 436 2942; x_wconf 90' lang='lat' dir='ltr'>debent</span> <span class='ocrx_word' id='word_1_188' title='bbox 464 2876 502 2941; x_wconf 92' lang='lat' dir='ltr'>ad</span> <span class='ocrx_word' id='word_1_189' title='bbox 529 2877 621 2941; x_wconf 92' lang='lat' dir='ltr'>illum</span> <span class='ocrx_word' id='word_1_190' title='bbox 654 2875 708 2958; x_wconf 91' lang='lat' dir='ltr'>qui</span> <span class='ocrx_word' id='word_1_191' title='bbox 741 2875 902 2958; x_wconf 86' lang='lat' dir='ltr'>quaeritur·</span> <span class='ocrx_word' id='word_1_192' title='bbox 934 2878 966 2938; x_wconf 90' lang='lat' dir='ltr'>et</span> <span class='ocrx_word' id='word_1_193' title='bbox 997 2873 1217 2938; x_wconf 80' lang='lat' dir='ltr'>desideratur?</span> <span class='ocrx_word' id='word_1_194' title='bbox 1249 2873 1327 2936; x_wconf 91' lang='lat' dir='ltr'>mihi</span> 
     </span>
     <span class='ocr_line' id='line_1_24' title="bbox 179 2979 1328 3067; baseline -0.005 -20"><span class='ocrx_word' id='word_1_195' title='bbox 179 2984 306 3066; x_wconf 90' lang='lat' dir='ltr'>quidem</span> <span class='ocrx_word' id='word_1_196' title='bbox 331 2983 445 3067; x_wconf 86' lang='lat' dir='ltr'>ingens</span> <span class='ocrx_word' id='word_1_197' title='bbox 473 2987 577 3046; x_wconf 88' lang='lat' dir='ltr'>metus</span> <span class='ocrx_word' id='word_1_198' title='bbox 607 2988 664 3062; x_wconf 90' lang='lat' dir='ltr'>est,</span> <span class='ocrx_word' id='word_1_199' title='bbox 696 3001 734 3046; x_wconf 88' lang='lat' dir='ltr'>ne</span> <span class='ocrx_word' id='word_1_200' title='bbox 764 2980 859 3046; x_wconf 87' lang='lat' dir='ltr'>etiam</span> <span class='ocrx_word' id='word_1_201' title='bbox 888 2980 925 3044; x_wconf 90' lang='lat' dir='ltr'>de</span> <span class='ocrx_word' id='word_1_202' title='bbox 952 2979 1022 3060; x_wconf 92' lang='lat' dir='ltr'>ipso</span> <span class='ocrx_word' id='word_1_203' title='bbox 1051 2979 1191 3043; x_wconf 91' lang='lat' dir='ltr'>thalamo</span> <span class='ocrx_word' id='word_1_204' title='bbox 1220 2979 1328 3061; x_wconf 88' lang='lat' dir='ltr'>sponsi</span> 
     </span>
     <span class='ocr_line' id='line_1_25' title="bbox 178 3085 1327 3172; baseline -0.005 -18"><span class='ocrx_word' id='word_1_205' title='bbox 178 3092 262 3155; x_wconf 85' lang='lat' dir='ltr'>foras</span> <span class='ocrx_word' id='word_1_206' title='bbox 276 3090 411 3172; x_wconf 89' lang='lat' dir='ltr'>proiciar</span> <span class='ocrx_word' id='word_1_207' title='bbox 425 3089 603 3172; x_wconf 84' lang='lat' dir='ltr'>conligatus</span> <span class='ocrx_word' id='word_1_208' title='bbox 619 3089 765 3152; x_wconf 88' lang='lat' dir='ltr'>manibus</span> <span class='ocrx_word' id='word_1_209' title='bbox 781 3087 986 3170; x_wconf 80' lang='lat' dir='ltr'>pedibusque,</span> <span class='ocrx_word' id='word_1_210' title='bbox 1001 3086 1092 3150; x_wconf 88' lang='lat' dir='ltr'>uelut</span> <span class='ocrx_word' id='word_1_211' title='bbox 1106 3085 1159 3168; x_wconf 92' lang='lat' dir='ltr'>qui</span> <span class='ocrx_word' id='word_1_212' title='bbox 1175 3085 1252 3148; x_wconf 91' lang='lat' dir='ltr'>mibi</span> <span class='ocrx_word' id='word_1_213' title='bbox 1267 3103 1327 3149; x_wconf 91' lang='lat' dir='ltr'>non</span> 
     </span>
     <span class='ocr_line' id='line_1_26' title="bbox 132 3191 1327 3278; baseline -0.004 -19"><span class='ocrx_word' id='word_1_214' title='bbox 132 3216 160 3260; x_wconf 80' lang='lat' dir='ltr'>as</span> <span class='ocrx_word' id='word_1_215' title='bbox 176 3197 427 3278; x_wconf 88' lang='lat' dir='ltr'>praeparauerim</span> <span class='ocrx_word' id='word_1_216' title='bbox 452 3195 638 3259; x_wconf 88' lang='lat' dir='ltr'>indumenta</span> <span class='ocrx_word' id='word_1_217' title='bbox 660 3193 824 3277; x_wconf 86' lang='lat' dir='ltr'>nuptialia,</span> <span class='ocrx_word' id='word_1_218' title='bbox 849 3193 904 3256; x_wconf 89' lang='lat' dir='ltr'>sed</span> <span class='ocrx_word' id='word_1_219' title='bbox 929 3192 983 3274; x_wconf 90' lang='lat' dir='ltr'>qui</span> <span class='ocrx_word' id='word_1_220' title='bbox 1005 3196 1123 3257; x_wconf 90' lang='lat' dir='ltr'>temere</span> <span class='ocrx_word' id='word_1_221' title='bbox 1142 3191 1327 3272; x_wconf 89' lang='lat' dir='ltr'>inrepserim</span> 
     </span>
    </p>
   </div>
   <div class='ocr_carea' id='block_1_3' title="bbox 179 3465 1326 3663">
    <p class='ocr_par' dir='ltr' id='par_1_3' title="bbox 179 3465 1326 3663">
     <span class='ocr_line' id='line_1_27' title="bbox 269 3465 1326 3592; baseline -0.008 -30"><span class='ocrx_word' id='word_1_222' title='bbox 269 3465 535 3571; x_wconf 67' lang='lat' dir='ltr'>renouandam</span> <span class='ocrx_word' id='word_1_223' title='bbox 577 3507 673 3560; x_wconf 73' lang='lat' dir='ltr'>assiu.</span> <span class='ocrx_word' id='word_1_224' title='bbox 690 3506 713 3568; x_wconf 89' lang='lat'>1,</span> <span class='ocrx_word' id='word_1_225' title='bbox 730 3505 763 3559; x_wconf 85' lang='lat' dir='ltr'>re</span> <span class='ocrx_word' id='word_1_226' title='bbox 802 3503 1068 3572; x_wconf 59' lang='grc'>1121221026</span> <span class='ocrx_word' id='word_1_227' title='bbox 1124 3502 1326 3592; x_wconf 67' lang='lat' dir='ltr'>curarum</span> 
     </span>
     <span class='ocr_line' id='line_1_28' title="bbox 179 3594 934 3663; baseline -0.005 -13"><span class='ocrx_word' id='word_1_228' title='bbox 179 3599 213 3651; x_wconf 82' lang='lat'>12</span> <span class='ocrx_word' id='word_1_229' title='bbox 233 3596 266 3650; x_wconf 76' lang='lat' dir='ltr'>cr.</span> <span class='ocrx_word' id='word_1_230' title='bbox 284 3597 298 3650; x_wconf 91' lang='lat'>1</span> <span class='ocrx_word' id='word_1_231' title='bbox 317 3596 385 3650; x_wconf 82' lang='lat' dir='ltr'>nrm.</span> <span class='ocrx_word' id='word_1_232' title='bbox 405 3597 430 3662; x_wconf 86' lang='lat' dir='ltr'>e,</span> <span class='ocrx_word' id='word_1_233' title='bbox 452 3596 484 3649; x_wconf 84' lang='lat' dir='ltr'>ro</span> <span class='ocrx_word' id='word_1_234' title='bbox 539 3596 573 3649; x_wconf 84' lang='lat'>23</span> <span class='ocrx_word' id='word_1_235' title='bbox 594 3595 626 3649; x_wconf 84' lang='lat' dir='ltr'>cf.</span> <span class='ocrx_word' id='word_1_236' title='bbox 646 3595 746 3648; x_wconf 77' lang='lat' dir='ltr'>Maste,</span> <span class='ocrx_word' id='word_1_237' title='bbox 765 3595 808 3663; x_wconf 89' lang='grc'>22,</span> <span class='ocrx_word' id='word_1_238' title='bbox 829 3594 934 3655; x_wconf 81' lang='lat'>11-13</span> 
     </span>
    </p>
   </div>
   <div class='ocr_carea' id='block_1_4' title="bbox 178 3801 1330 4403">
    <p class='ocr_par' dir='ltr' id='par_1_4' title="bbox 216 3801 1327 3875">
     <span class='ocr_line' id='line_1_29' title="bbox 216 3801 1327 3875; baseline -0.005 -15"><span class='ocrx_word' id='word_1_239' title='bbox 216 3809 230 3860; x_wconf 91' lang='lat'>1</span> <span class='ocrx_word' id='word_1_240' title='bbox 251 3811 278 3860; x_wconf 90' lang='lat' dir='ltr'>et</span> <span class='ocrx_word' id='word_1_241' title='bbox 294 3811 330 3875; x_wconf 86' lang='lat' dir='ltr'>(e.</span> <span class='ocrx_word' id='word_1_242' title='bbox 349 3807 362 3858; x_wconf 85' lang='lat' dir='ltr'>l</span> <span class='ocrx_word' id='word_1_243' title='bbox 381 3805 427 3873; x_wconf 87' lang='lat' dir='ltr'>ad)</span> <span class='ocrx_word' id='word_1_244' title='bbox 446 3805 473 3860; x_wconf 85' lang='lat' dir='ltr'><em>R</em></span> <span class='ocrx_word' id='word_1_245' title='bbox 564 3804 632 3868; x_wconf 79' lang='lat' dir='ltr'>dixit</span> <span class='ocrx_word' id='word_1_246' title='bbox 651 3805 678 3860; x_wconf 87' lang='lat' dir='ltr'><em>R</em></span> <span class='ocrx_word' id='word_1_247' title='bbox 697 3804 765 3858; x_wconf 81' lang='lat' dir='ltr'>dixit</span> <span class='ocrx_word' id='word_1_248' title='bbox 786 3803 809 3859; x_wconf 82' lang='lat'><em>0</em></span> <span class='ocrx_word' id='word_1_249' title='bbox 896 3803 987 3873; x_wconf 88' lang='lat' dir='ltr'>inquit</span> <span class='ocrx_word' id='word_1_250' title='bbox 1005 3802 1126 3855; x_wconf 88' lang='lat' dir='ltr'>salomen</span> <span class='ocrx_word' id='word_1_251' title='bbox 1145 3803 1209 3868; x_wconf 79' lang='lat' dir='ltr'>(one.</span> <span class='ocrx_word' id='word_1_252' title='bbox 1229 3801 1277 3855; x_wconf 88' lang='grc'>221.</span> <span class='ocrx_word' id='word_1_253' title='bbox 1295 3802 1327 3854; x_wconf 75' lang='lat' dir='ltr'>aba</span> 
     </span>
    </p>

    <p class='ocr_par' dir='ltr' id='par_1_5' title="bbox 178 3889 1330 4403">
     <span class='ocr_line' id='line_1_30' title="bbox 181 3889 1327 3962; baseline -0.006 -14"><span class='ocrx_word' id='word_1_254' title='bbox 181 3895 231 3948; x_wconf 76' lang='lat' dir='ltr'>lin.</span> <span class='ocrx_word' id='word_1_255' title='bbox 251 3899 314 3962; x_wconf 83' lang='lat' dir='ltr'>2)o</span> <span class='ocrx_word' id='word_1_256' title='bbox 387 3893 593 3948; x_wconf 82' lang='grc'>2221222220</span> <span class='ocrx_word' id='word_1_257' title='bbox 645 3893 761 3962; x_wconf 86' lang='lat' dir='ltr'>3longe</span> <span class='ocrx_word' id='word_1_258' title='bbox 781 3909 841 3960; x_wconf 73' lang='lat' dir='ltr'>exp.</span> <span class='ocrx_word' id='word_1_259' title='bbox 859 3892 887 3946; x_wconf 90' lang='grc'>11</span> <span class='ocrx_word' id='word_1_260' title='bbox 960 3891 1107 3954; x_wconf 78' lang='grc'>2112222211</span> <span class='ocrx_word' id='word_1_261' title='bbox 1127 3889 1150 3944; x_wconf 85' lang='lat'><em>0</em></span> <span class='ocrx_word' id='word_1_262' title='bbox 1168 3889 1282 3944; x_wconf 88' lang='lat' dir='ltr'>adicerit</span> <span class='ocrx_word' id='word_1_263' title='bbox 1300 3891 1327 3941; x_wconf 86' lang='lat' dir='ltr'><strong><em>A</em></strong></span> 
     </span>
     <span class='ocr_line' id='line_1_31' title="bbox 178 3976 1326 4052; baseline -0.007 -14"><span class='ocrx_word' id='word_1_264' title='bbox 178 3983 317 4038; x_wconf 87' lang='lat' dir='ltr'>4adiciat</span> <span class='ocrx_word' id='word_1_265' title='bbox 335 3984 362 4036; x_wconf 82' lang='lat' dir='ltr'><strong><em>A</em></strong></span> <span class='ocrx_word' id='word_1_266' title='bbox 445 3981 564 4036; x_wconf 87' lang='lat' dir='ltr'>dolorem</span> <span class='ocrx_word' id='word_1_267' title='bbox 585 3977 723 4052; x_wconf 68' lang='grc' dir='ltr'>(ἄλγημαη</span> <span class='ocrx_word' id='word_1_268' title='bbox 744 3980 864 4034; x_wconf 87' lang='lat' dir='ltr'>laborem</span> <span class='ocrx_word' id='word_1_269' title='bbox 885 3979 967 4034; x_wconf 83' lang='lat' dir='ltr'>OAV</span> <span class='ocrx_word' id='word_1_270' title='bbox 1056 3980 1231 4048; x_wconf 75' lang='lat' dir='ltr'>bquamtum</span> <span class='ocrx_word' id='word_1_271' title='bbox 1253 3976 1326 4030; x_wconf 77' lang='grc'>0222,</span> 
     </span>
     <span class='ocr_line' id='line_1_32' title="bbox 180 4065 1327 4139; baseline -0.005 -14"><span class='ocrx_word' id='word_1_272' title='bbox 180 4071 363 4126; x_wconf 77' lang='lat' dir='ltr'>lebstraitur</span> <span class='ocrx_word' id='word_1_273' title='bbox 383 4073 450 4138; x_wconf 85' lang='lat' dir='ltr'>(itur</span> <span class='ocrx_word' id='word_1_274' title='bbox 467 4088 487 4126; x_wconf 85' lang='lat' dir='ltr'>e.</span> <span class='ocrx_word' id='word_1_275' title='bbox 508 4071 538 4138; x_wconf 81' lang='grc'>1.)</span> <span class='ocrx_word' id='word_1_276' title='bbox 556 4071 584 4126; x_wconf 82' lang='grc'>11</span> <span class='ocrx_word' id='word_1_277' title='bbox 663 4073 695 4125; x_wconf 93' lang='grc'>10</span> <span class='ocrx_word' id='word_1_278' title='bbox 714 4071 835 4139; x_wconf 84' lang='lat' dir='ltr'>possita</span> <span class='ocrx_word' id='word_1_279' title='bbox 944 4067 1134 4123; x_wconf 88' lang='lat' dir='ltr'>caritatemV</span> <span class='ocrx_word' id='word_1_280' title='bbox 1209 4067 1241 4121; x_wconf 89' lang='lat'>11</span> <span class='ocrx_word' id='word_1_281' title='bbox 1262 4065 1327 4134; x_wconf 83' lang='lat' dir='ltr'>aby-</span> 
     </span>
     <span class='ocr_line' id='line_1_33' title="bbox 179 4153 1328 4215; baseline -0.003 -1"><span class='ocrx_word' id='word_1_282' title='bbox 179 4160 269 4215; x_wconf 86' lang='grc'>2220</span> <span class='ocrx_word' id='word_1_283' title='bbox 317 4162 349 4214; x_wconf 88' lang='grc'>12</span> <span class='ocrx_word' id='word_1_284' title='bbox 368 4160 522 4214; x_wconf 85' lang='lat' dir='ltr'>habitatA</span> <span class='ocrx_word' id='word_1_285' title='bbox 569 4160 601 4213; x_wconf 88' lang='grc'>15</span> <span class='ocrx_word' id='word_1_286' title='bbox 621 4159 811 4214; x_wconf 88' lang='lat' dir='ltr'>accesseritV</span> <span class='ocrx_word' id='word_1_287' title='bbox 869 4158 960 4212; x_wconf 86' lang='lat' dir='ltr'>sensui</span> <span class='ocrx_word' id='word_1_288' title='bbox 983 4155 1117 4210; x_wconf 88' lang='lat' dir='ltr'>Oeensus</span> <span class='ocrx_word' id='word_1_289' title='bbox 1141 4156 1167 4208; x_wconf 92' lang='lat' dir='ltr'><em>V</em></span> <span class='ocrx_word' id='word_1_290' title='bbox 1212 4156 1243 4209; x_wconf 90' lang='grc'>16</span> <span class='ocrx_word' id='word_1_291' title='bbox 1263 4153 1328 4211; x_wconf 87' lang='lat' dir='ltr'>dum</span> 
     </span>
     <span class='ocr_line' id='line_1_34' title="bbox 179 4241 1330 4318; baseline -0.005 -16"><span class='ocrx_word' id='word_1_292' title='bbox 179 4250 259 4302; x_wconf 88' lang='lat' dir='ltr'>ntV</span> <span class='ocrx_word' id='word_1_293' title='bbox 361 4249 393 4302; x_wconf 84' lang='lat'>17</span> <span class='ocrx_word' id='word_1_294' title='bbox 414 4247 451 4318; x_wconf 88' lang='lat' dir='ltr'>et]</span> <span class='ocrx_word' id='word_1_295' title='bbox 471 4252 535 4302; x_wconf 86' lang='lat' dir='ltr'>utu</span> <span class='ocrx_word' id='word_1_296' title='bbox 641 4247 672 4301; x_wconf 87' lang='grc'>19</span> <span class='ocrx_word' id='word_1_297' title='bbox 698 4245 845 4314; x_wconf 70' lang='grc'>21122222</span> <span class='ocrx_word' id='word_1_298' title='bbox 870 4262 922 4299; x_wconf 86' lang='lat' dir='ltr'>om.</span> <span class='ocrx_word' id='word_1_299' title='bbox 945 4243 1008 4298; x_wconf 75' lang='lat' dir='ltr'>oso</span> <span class='ocrx_word' id='word_1_300' title='bbox 1111 4243 1146 4298; x_wconf 86' lang='grc'>211</span> <span class='ocrx_word' id='word_1_301' title='bbox 1170 4245 1268 4296; x_wconf 79' lang='lat' dir='ltr'>etam.</span> <span class='ocrx_word' id='word_1_302' title='bbox 1290 4241 1330 4296; x_wconf 75' lang='lat' dir='ltr'>do</span> 
     </span>
     <span class='ocr_line' id='line_1_35' title="bbox 178 4333 981 4403; baseline -0.002 -13"><span class='ocrx_word' id='word_1_303' title='bbox 178 4337 339 4391; x_wconf 84' lang='lat' dir='ltr'>festinemus</span> <span class='ocrx_word' id='word_1_304' title='bbox 363 4337 438 4392; x_wconf 75' lang='lat' dir='ltr'>Vane.</span> <span class='ocrx_word' id='word_1_305' title='bbox 494 4336 529 4390; x_wconf 89' lang='grc'>23</span> <span class='ocrx_word' id='word_1_306' title='bbox 547 4339 648 4389; x_wconf 64' lang='lat' dir='ltr'>mestus</span> <span class='ocrx_word' id='word_1_307' title='bbox 668 4335 695 4388; x_wconf 83' lang='lat' dir='ltr'><em>R</em></span> <span class='ocrx_word' id='word_1_308' title='bbox 751 4334 785 4388; x_wconf 85' lang='lat'>24</span> <span class='ocrx_word' id='word_1_309' title='bbox 804 4334 870 4386; x_wconf 92' lang='lat' dir='ltr'>mihi</span> <span class='ocrx_word' id='word_1_310' title='bbox 891 4333 936 4403; x_wconf 88' lang='lat' dir='ltr'>qni</span> <span class='ocrx_word' id='word_1_311' title='bbox 955 4334 981 4388; x_wconf 80' lang='lat' dir='ltr'><strong><em>A</em></strong></span> 
     </span>
    </p>
   </div>
   <div class='ocr_carea' id='block_1_5' title="bbox 0 0 1612 4988">
    <p class='ocr_par' dir='ltr' id='par_1_6' title="bbox 0 0 1612 4988">
     <span class='ocr_line' id='line_1_36' title="bbox 0 0 1612 4988; baseline 0 0"><span class='ocrx_word' id='word_1_312' title='bbox 0 0 1612 4988; x_wconf 95' lang='lat' dir='ltr'> </span> 
     </span>
    </p>
   </div>
  </div>
 </body>
</html>
