3258 4980
237 427 304 490 268
749 419 864 474 Rufini

236 636 324 683 mens
348 619 455 683 nostra
476 617 640 681 consistat.
664 613 786 697 inpuris
810 618 916 680 autem
941 620 973 680 et
992 615 1127 682 sordidis
1146 615 1288 681 motibus
1308 634 1384 700 quo-

236 723 330 790 modo
347 726 456 790 sancta
471 727 503 787 et
516 741 595 806 pura
610 723 803 788 miscemus?
825 724 890 788 tale
905 727 955 788 ert
970 723 1061 806 quale
1077 723 1105 788 si
1121 723 1193 806 quia
1208 722 1384 789 foetoribus

191 839 208 891 4
236 829 325 896 caeni
341 830 515 896 admisceat
529 847 644 894 snauea
659 827 771 894 odores
786 831 819 894 et
828 829 960 894 stercori
970 834 1078 894 nectar
1086 829 1242 895 infundat.
1259 833 1385 912 oportet

237 957 311 1022 ergo
329 936 431 1021 primo
452 937 593 1003 omnium
612 954 723 1000 uacare
743 937 776 1000 et
793 955 963 1020 agnoscere
978 935 1081 1016 deum,
1096 939 1214 1002 etcum
1229 938 1385 1019 acceperi-

236 1063 308 1109 mus
327 1047 454 1128 tempus
474 1031 636 1108 iudicandi
653 1042 822 1122 iustitiam,
840 1047 917 1108 tuuc
937 1044 1033 1108 etiam
1047 1043 1123 1126 quid
1138 1043 1177 1108 de
1192 1042 1250 1108 deo
1266 1043 1383 1108 sentire
1418 1065 1431 1105 e

236 1153 356 1217 iustum
378 1151 421 1216 sit
439 1149 663 1216 iudicabimus.
683 1149 799 1234 quibus
819 1153 925 1216 autem
945 1151 1131 1234 proferenda
1149 1153 1225 1215 sunt
1238 1148 1315 1215 haec
1330 1151 1382 1214 nel

235 1257 442 1324 insinuanda?
466 1259 567 1342 primo
592 1257 643 1322 his
663 1257 717 1340 qui
735 1257 837 1323 totius
855 1257 942 1322 uitae
961 1275 1037 1322 suae
1056 1257 1087 1322 in
1108 1255 1168 1324 boc
1187 1257 1294 1324 studia
1312 1275 1383 1322 con-

235 1365 400 1430 uerteruut
414 1367 447 1428 et
461 1383 479 1428 a
493 1363 610 1447 quibus
625 1383 697 1443 nou,
717 1364 803 1428 siout
820 1382 884 1428 una
901 1363 1010 1446 aliqua
1028 1381 1065 1428 er
1084 1364 1208 1445 octaris,
1229 1362 1325 1428 etiam
1345 1363 1384 1427 de

236 1472 293 1537 deo
318 1469 541 1536 sermocinatio
559 1469 730 1554 requiritur
748 1473 823 1552 post
841 1470 970 1549 circum,
989 1473 1064 1554 port
1082 1469 1217 1548 theatra,
1236 1472 1309 1554 post
1326 1469 1384 1534 illa

236 1597 361 1662 quoque
383 1578 416 1642 iu
440 1577 557 1662 quibus
577 1577 725 1642 delectati
745 1580 820 1643 sunt
838 1578 971 1656 cantica,
990 1580 1064 1662 post
1083 1577 1205 1642 uentris
1224 1579 1383 1642 eteorum
1405 1600 1431 1641 ro

191 1693 207 1745 5
236 1705 315 1768 quae
339 1686 399 1751 sub
422 1688 532 1750 uentre
555 1685 632 1750 sunt
654 1702 771 1750 curam.
794 1704 813 1748 a
836 1685 952 1767 quibus
971 1684 1066 1750 etiam
1085 1686 1146 1750 boc
1165 1682 1384 1748 delectationis

235 1793 305 1857 loco
339 1791 475 1871 ducitur,
502 1791 531 1856 si
559 1789 719 1856 derebus
748 1790 866 1856 diuinis
895 1789 1055 1856 contentio
1082 1793 1259 1868 moueatur,
1286 1791 1324 1854 ut
1350 1790 1383 1853 in

236 1900 522 1965 controuersiarum
533 1897 704 1964 certamino
714 1897 918 1964 delectentur.
929 1896 966 1962 de
977 1895 1094 1980 quibus
1102 1900 1209 1962 autem
1220 1895 1384 1979 disputan-

236 2007 311 2070 dum
332 2010 380 2072 est
400 2011 431 2072 et
449 2007 480 2070 in
501 2007 677 2089 quantum?
702 2003 740 2070 de
754 2003 805 2070 hie
819 2023 900 2088 quae
914 2001 1273 2088 adprehendi'poseibila
1288 2006 1337 2068 est
1352 2006 1384 2068 et

235 2114 266 2178 in
291 2118 445 2197 quantum
464 2113 617 2177 auditoris
636 2111 741 2178 uirtus
760 2113 793 2177 et
810 2111 969 2194 capacitas
988 2106 1111 2195 recipit,
1131 2127 1170 2176 uo
1188 2111 1279 2190 forte,
1298 2111 1384 2176 sicut
1403 2132 1430 2173 15

235 2221 383 2285 nimietas
402 2220 492 2285 uocis
510 2219 611 2284 laedit
628 2218 773 2285 auditum
793 2220 826 2282 et
845 2217 1037 2283 abundantia
1055 2219 1119 2284 cibi
1133 2217 1307 2302 corrumpit
1320 2217 1384 2282 dis·

235 2331 323 2392 tenta
344 2324 533 2411 praecordia,
555 2325 601 2390 ita
624 2325 719 2391 etiam
744 2344 833 2390 mens
853 2344 948 2408 supra
966 2323 1146 2392 mensuram
1166 2343 1256 2390 suam
1276 2323 1381 2390 cibum

235 2432 325 2498 uerbi
337 2433 492 2516 recipiens
506 2437 561 2498 ant
575 2433 716 2498 adtonita
730 2431 876 2498 concidat
889 2435 945 2498 aut
957 2433 1053 2498 nimis
1064 2431 1203 2498 distenta
1214 2431 1382 2498 crucietur.

191 2546 208 2602 d
236 2539 370 2621 denique
398 2540 530 2614 intuere,
558 2539 586 2606 si
613 2539 750 2618 uidetur,
775 2555 829 2605 eos
854 2540 908 2623 qui
931 2559 1025 2605 onera
1048 2557 1144 2623 supra
1167 2539 1251 2604 uires
1274 2539 1382 2604 leuare

235 2645 438 2726 contendunt,
461 2646 515 2712 uel
538 2665 610 2712 cum
632 2650 716 2712 terra
737 2646 843 2713 nimiis
868 2650 900 2712 et
921 2645 1073 2712 inmensis
1095 2646 1251 2712 imbribus
1274 2664 1383 2729 perur-
1401 2666 1429 2710 ao

235 2759 360 2839 guetur,
384 2754 541 2840 quomodo
564 2753 776 2838 perniciosum
795 2758 845 2820 est
864 2753 1018 2837 quidquid
1042 2753 1179 2838 amplius
1202 2753 1296 2818 modo
1321 2757 1380 2818 est.

234 2863 280 2926 ita
290 2881 364 2946 ergo
375 2861 637 2928 considerandum
647 2863 698 2926 est
707 2859 781 2944 quia
790 2860 1145 2944 etuerbiquispondere
1153 2863 1381 2944 praegrauatus

234 2969 398 3034 nimietate
420 2969 490 3052 ipsa
507 2969 616 3050 potest
633 2967 729 3032 etiam
749 2967 928 3032 communis
946 2967 1047 3052 ipsius
1068 2970 1100 3031 et
1118 2965 1271 3031 naturalis
1289 2966 1381 3030 intel-

233 3075 390 3160 legentiae
414 3075 520 3140 subire
543 3072 731 3156 periculum.

323 3301 340 3354 4
360 3299 394 3353 ci.
412 3300 456 3352 Pe.
475 3301 518 3362 74,
538 3302 553 3353 3

272 3442 283 3492 l
300 3445 366 3508 poet
384 3444 477 3494 nostra
496 3441 561 3494 add.
581 3441 608 3493 in
628 3441 776 3511 tranquilla
794 3443 913 3494 statione
932 3441 961 3512 V¹
1010 3439 1129 3494 motibus
1149 3441 1173 3505 <1
1190 3456 1224 3493 en
1242 3455 1264 3492 a.
1282 3443 1337 3506 mo)
1351 3439 1381 3494 R

233 3528 358 3583 nrodibus
376 3529 424 3583 00
458 3529 723 3599 2quisenqnid0
777 3529 909 3584 fetoribus
928 3529 956 3584 R
991 3527 1219 3584 doceareltac.
1274 3527 1379 3598 accipe-

232 3620 316 3672 rimus
335 3616 363 3671 R
382 3617 564 3689 acciperemus
585 3617 634 3673 00
709 3620 725 3672 5
745 3616 818 3688 quod
836 3615 869 3672 de
889 3617 922 3671 dd
942 3619 1045 3671 iustum
1064 3624 1078 3672 e
1098 3619 1198 3672 sentim
1217 3618 1256 3672 sic
1274 3616 1379 3670 indica·

232 3707 321 3761 bimus
345 3707 371 3760 V
432 3708 447 3761 7
468 3707 747 3778 qui-conuerterunt
765 3700 814 3777 (οἷς
833 3710 862 3761 τὸ
882 3715 987 3779 πρᾶγμα
1005 3705 1048 3759 broi
1067 3706 1206 3778 creadda]
1227 3706 1273 3776 qui
1291 3706 1378 3760 totius

233 3797 306 3851 uitae
326 3813 390 3850 suae
409 3807 488 3851 eursu
507 3797 596 3866 (cursu
613 3813 635 3850 s.
656 3798 673 3851 l.
693 3799 750 3864 m2)
769 3797 797 3850 iu
816 3796 868 3851 hoo
881 3795 971 3851 stadio
990 3798 1182 3851 conuerterant
1193 3795 1227 3850 12
1272 3795 1288 3849 8
1307 3794 1387 3848 sicut.

233 3887 366 3941 —ceteris
390 3883 438 3954 (ὡς
461 3887 488 3939 ἕν
512 3905 536 3938 τι
558 3892 609 3938 τῶν
634 3883 742 3956 ditarat}
767 3885 795 3938 in
818 3903 871 3940 una
893 3886 985 3955 aliqua
1008 3901 1039 3939 ex
1058 3886 1157 3939 creatis
1176 3887 1218 3952 (ex
1238 3885 1337 3938 creatis
1355 3899 1377 3936 a.

233 3992 288 4030 rna.
308 3979 365 4045 1212)
384 3974 412 4029 R
467 3973 515 4030 sed
533 3975 611 4044 (3.1.)
631 3974 712 4030 etiam
733 3975 760 4029 R
796 3975 891 4044 ailla]
912 3975 965 4029 elia
988 3973 1015 4028 V
1050 3975 1081 4029 11
1103 3972 1194 4044 quiLG
1211 3971 1343 4044 queOa
1360 3972 1377 4028 1.

233 4070 344 4119 neutrae
359 4064 418 4120 RV
470 4063 687 4119 delectationiC
723 4065 755 4118 13
775 4064 940 4118 dilectantur
955 4063 1005 4117 00
1041 4066 1157 4132 laqueo
1177 4061 1379 4132 adprehendere

232 4153 425 4223 possumusV
495 4155 523 4206 et
541 4152 641 4208 om.V
696 4150 728 4207 16
747 4151 981 4207 habundantiaO
1036 4153 1068 4206 17
1088 4151 1215 4222 superR
1286 4150 1378 4204 cibum

233 4243 326 4296 cneii
363 4241 396 4296 19
416 4240 558 4296 honeraO
594 4243 629 4295 20
643 4241 726 4296 nimis
742 4241 792 4296 00
844 4241 1078 4311 perurgeturRV
1111 4243 1144 4295 21
1161 4237 1379 4310 quicquidRVc

221 4331 267 4382 '22
287 4345 350 4397 ergo
370 4345 420 4386 om.
443 4330 481 4383 Co
553 4331 628 4400 qnia]
649 4330 721 4400 quod
740 4329 768 4385 R
833 4329 1064 4400 -pregaruatusG
1098 4330 1132 4384 23
1145 4329 1306 4399 nimigitate
1329 4327 1386 4382 00.
