3204 4996
245 409 335 476 XXII
685 408 978 478 Prolegomeua.
1101 391 1105 398 ¹

226 603 337 666 εἶναι
364 605 445 687 ὑμῖν
472 604 523 678 εἰς
552 602 715 689 βασιλέα·
740 607 792 667 καὶ
838 604 1041 684 efficietur
1059 605 1205 686 aliquis
1223 626 1265 669 ex
1284 606 1393 670 uobis

245 711 718 795 καθὼςσύκείσηκούσατε
736 722 798 796 τῆς
844 713 883 774 iu
907 734 1032 795 repom,
1057 718 1100 777 ei:
1122 715 1219 777 sicui
1243 733 1315 776 reon
1338 733 1391 776 er-

245 827 365 902 ιρωνῆς
398 839 475 902 μου,
515 816 594 880 ἀλλ’
631 817 796 882 ἐδώκατε
843 817 1154 883 orodisiisoooom
1181 840 1305 896 meam,
1329 819 1392 883 sed

245 932 359 990 νῶτον
383 924 546 1010 σκληρὸν
566 927 627 988 καί
645 925 797 1010 ursarii]-
843 925 1005 990 dedistis
1032 925 1337 991 dorsumdurum
1361 931 1394 990 oi

245 1052 344 1112 σατε,
390 1034 504 1107 οὕτως
550 1034 663 1114 ἔσται,
709 1034 797 1096 ὅταν
842 1031 1124 1096 inoboedientes
1196 1033 1392 1114 extitistis,

245 1137 528 1222 ἐπικαλέσησθέ
566 1160 616 1224 με·
653 1140 725 1223 ἐγὼ
758 1139 798 1202 δὲ
844 1140 900 1202 io
923 1141 1004 1218 erit,
1027 1137 1392 1223 quoodooosiouo·

245 1243 796 1331 οὐκέπιβλέψωέπίτὴνπροσ-
844 1247 1027 1310 eoueriiis
1066 1265 1135 1322 ινα·
1174 1264 1236 1328 epo
1273 1249 1392 1309 auiam

244 1353 357 1435 ευχὴν
389 1353 487 1435 ὑμῶν
520 1351 595 1416 οὐδ’
632 1353 797 1416 εἰσακού-
843 1372 915 1416 ooo
942 1353 1146 1432 respiciam
1173 1371 1285 1434 super
1312 1372 1391 1414 oro-

244 1479 364 1542 σομαι.
843 1459 977 1522 iioreem
1003 1462 1167 1521 uestram
1194 1477 1307 1538 περιτο
1339 1477 1391 1520 es·

842 1564 995 1630 aredium
1018 1585 1093 1629 uos.
1153 1611 1156 1622 .

289 1671 351 1734 Ter
377 1670 430 1736 hic
458 1673 556 1736 uerba
583 1671 691 1737 diuina
719 1673 893 1737 afferuntur
921 1675 1015 1755 utque
1044 1673 1083 1737 ad
1107 1672 1239 1736 uerbum
1264 1671 1391 1755 quidem

246 1777 369 1844 Graeca
395 1779 493 1842 uertit
521 1777 665 1854 Rufinus,
695 1778 780 1860 quod
807 1779 893 1842 haud
918 1779 965 1843 ita
997 1797 1090 1862 saepe
1124 1778 1266 1843 accidere
1299 1778 1390 1842 solet.

242 1884 392 1966 ignorans
422 1884 516 1962 enim,
545 1886 660 1966 quibus
690 1885 864 1967 scripturae
894 1904 1001 1950 saeuae
1028 1885 1108 1950 loeis
1136 1883 1234 1949 uerba
1264 1883 1394 1948 laudula

245 1993 413 2068 exstarent,
438 1992 569 2054 uerbum
591 1991 628 2056 de
648 1992 744 2056 uerbo
764 1993 931 2056 transieris
952 1992 1030 2056 satis
1049 1991 1172 2056 habuit.
1194 1989 1264 2074 ipse
1283 1993 1390 2054 auiam

246 2095 419 2180 Gregorius
450 2098 637 2179 saepismme
665 2099 839 2164 sententias
868 2099 1096 2182 seripturarum
1118 2102 1246 2164 mutans
1271 2117 1391 2162 earum·

244 2222 306 2285 que
339 2222 468 2268 sensum
501 2204 587 2268 haud
619 2223 687 2269 raro
718 2225 754 2268 ex
781 2208 871 2286 pario
898 2209 1023 2270 tunium
1052 2207 1189 2271 retinens
1218 2205 1264 2268 iia
1291 2204 1390 2281 affert,

244 2309 337 2392 quasi
360 2309 400 2374 ad
424 2310 557 2374 uerbum
578 2329 741 2391 expressae
761 2311 1168 2395 sinl.quueigilur·p1imo
1188 2311 1258 2374 loeo
1282 2308 1391 2373 laudat

190 2399 192 2404 ’
243 2416 351 2493 uerba,
372 2416 403 2480 iu
423 2416 507 2480 LXX
527 2417 573 2480 sie
598 2436 631 2481 se
654 2417 771 2482 habent
794 2415 922 2503 (llzeoh.
947 2419 978 2496 3,
1004 2418 1074 2502 18):
1098 2419 1137 2483 τὸ
1162 2419 1253 2501 αἷμα
1277 2417 1388 2479 αὐτοῦ

244 2521 281 2586 ἐκ
305 2533 358 2606 τῆς
381 2523 486 2607 χειρός
508 2544 574 2586 σου
598 2524 768 2608 ἐκζητήσω.
794 2543 873 2607 quae
898 2530 1005 2590 autem
1028 2527 1126 2590 altero
1150 2527 1182 2589 ei
1204 2523 1299 2588 terlio
1318 2525 1387 2588 loeo

244 2631 425 2710 afferuntur,
454 2629 571 2694 frustra
599 2631 780 2713 quaerimus
807 2632 839 2696 iu
869 2633 968 2714 LXX3
998 2652 1070 2695 uam
1096 2630 1152 2696 Os.
1183 2633 1213 2710 4,
1237 2632 1257 2694 6
1281 2631 1332 2694 ὅτι,
1351 2632 1388 2691 σὺ

242 2735 406 2821 ἐπίγνωσιν
439 2735 567 2812 ἀπώσω,
599 2739 689 2821 κάγὼ
722 2738 888 2824 ἀπῶσομαί
920 2760 956 2803 σε
987 2748 1042 2802 τοῦ
1075 2740 1117 2824 μὴ
1145 2738 1310 2822 ἱερατεύειν
1338 2757 1390 2820 μοι

242 2847 365 2924 praeter
380 2845 546 2928 spernendi
560 2847 692 2911 uerbum
708 2847 761 2910 uix
779 2847 948 2929 quiequam
969 2864 1135 2910 commune
1155 2844 1273 2910 habeut
1286 2862 1388 2925 neque

151 3028 158 3044 ·
243 2951 346 3034 megia
370 2951 526 3033 quadrent
549 2951 681 3018 Nehem.
713 2956 744 3031 9,
773 2954 815 3018 29
844 2955 897 3016 καί
924 2952 1046 3016 ἔδωκαν
1073 2960 1169 3016 νῶτον
1199 2950 1390 3014 ἀπειθοῦντα

242 3059 296 3120 καὶ
323 3057 481 3143 τράχηλον
509 3061 609 3124 αὐτῶν
638 3058 830 3144 ἐσκλήρυναν
858 3061 911 3122 καὶ
939 3061 998 3121 οὐκ
1024 3062 1164 3144 ἤκουσαν
1188 3060 1220 3120 ei
1241 3055 1287 3121 IV
1310 3056 1388 3139 Reg.

246 3165 298 3238 17,
325 3165 365 3227 14
394 3167 447 3228 καί
475 3167 533 3228 οὐκ
560 3169 699 3250 ἤκουσαν
727 3167 780 3228 καί
808 3164 1001 3250 ἐσκλήρυναν
1028 3166 1081 3230 τὸν
1104 3173 1201 3230 νῶτον
1225 3165 1326 3227 αὐτῶν
1350 3161 1390 3225 ad

242 3270 348 3338 locum
373 3273 514 3338 tertium.
540 3293 635 3355 quare
660 3273 777 3337 uellem
801 3291 838 3336 ne
863 3272 979 3337 litteris
1004 3272 1143 3337 diductis
1166 3270 1307 3353 imprimi
1325 3269 1390 3333 ius·

243 3377 341 3442 sisset
365 3378 460 3442 eiiam
486 3379 617 3445 Wrolrel
641 3378 748 3444 Rufini
772 3379 871 3443 uerba
894 3397 995 3462 neque
1017 3378 1180 3462 intellego,
1204 3395 1262 3441 our
1284 3397 1313 3460 p.
1337 3377 1389 3452 80,

244 3484 287 3547 24
311 3483 349 3547 ad
373 3485 455 3549 lissi.
482 3486 511 3561 1,
537 3486 578 3549 15
602 3485 792 3570 relegauerit
814 3486 965 3570 legentes.

288 3589 392 3654 Simili
420 3591 513 3657 modo
545 3591 716 3676 Gregorius
747 3593 896 3658 tractauit
923 3593 1029 3657 locum
1057 3594 1127 3656 Am.
1156 3591 1186 3671 4,
1216 3593 1247 3670 9,
1277 3590 1330 3674 qui
1357 3591 1389 3654 in

242 3696 327 3760 LXX
351 3698 397 3762 sic
422 3699 599 3764 exhibetur:
625 3699 790 3777 ἐπάταξα
813 3703 904 3785 ὑμᾶς
932 3699 970 3763 ἐν
996 3699 1160 3784 πυρώσει
1192 3701 1254 3762 καὶ
1282 3699 1318 3762 ἐν
1341 3698 1389 3760 ἰκ-

241 3801 343 3886 τέρῳ·
368 3803 566 3887 ἐπληθύνατε
588 3807 707 3891 κήπους
725 3811 819 3892 ὑμῶν,
843 3807 1028 3892 ἀμπελῶνας
1050 3809 1134 3890 ὑμῶν
1157 3807 1210 3868 καὶ
1233 3815 1390 3878 συκεῶνας

242 3910 327 3992 ὑμῶν
351 3911 405 3972 καί
427 3910 576 3988 ἐλαιῶνας
600 3915 684 3997 ὑμῶν
706 3913 883 3998 κατέφαγεν
906 3915 926 3999 ἡ
948 3914 1067 3997 κάμπη,
1090 3914 1143 3975 καί
1167 3910 1232 3974 οὐδ’
1256 3912 1297 3986 ὣς
1320 3911 1390 3974 eae.

240 4013 395 4098 στρέψατε
419 4019 496 4098 πρὸς
517 4017 564 4101 μέ,
583 4017 668 4102 λέγει
687 4019 800 4103 κύριος.
821 4018 1023 4095 ἐξαπέστειλα
1042 4020 1083 4094 εἰς
1102 4021 1181 4102 ὑμᾶς
1201 4018 1338 4082 θάνατον
1357 4017 1390 4082 έν

244 4121 309 4206 ὁδῷ
333 4119 493 4206 Αἰγύπτου
517 4127 570 4188 καί
594 4125 795 4190 ἀπέκτεινα
819 4128 854 4191 ἐν
879 4125 1042 4212 ῥομφαίᾳ
1065 4131 1149 4200 τοὺς
1172 4124 1390 4200 νεανίσκους

243 4231 340 4313 ὑμῶν
369 4233 447 4314 μετα
474 4233 687 4318 αἰχμαλωσίας
714 4236 815 4299 ἵππων
845 4256 900 4298 σου
928 4237 980 4298 καὶ
1004 4234 1162 4320 ἀνήγαγον
1190 4233 1222 4297 ἐν
1241 4234 1313 4316 πυρὶ
1335 4233 1390 4306 τὰς

239 4337 442 4424 παρεμβολὰς
475 4339 506 4404 έν
538 4350 575 4424 τῇ
609 4342 688 4425 ὀργῇ
722 4344 815 4426 ὑμῶν,
852 4344 914 4406 καί
946 4341 1020 4405 οὐδ’
1057 4344 1104 4416 ὣς
1135 4338 1390 4423 ἐπεστρέψατε
