3204 4996
235 409 357 474 XXXII
661 403 954 472 Prolegorncnn.

236 622 289 668 ces
312 603 479 667 litterasue
504 600 572 666 suis
594 599 674 666 locis
698 620 809 683 perum
832 599 1017 682 perspicuas
1042 617 1138 680 supra
1161 596 1314 680 reposuit,
1335 600 1384 662 661

237 708 347 774 multis
375 708 456 774 locis
485 707 629 790 singulas
657 707 781 772 litteras
809 706 888 790 (tin
912 725 936 785 6,
960 705 1076 780 6161,
1100 704 1175 770 uin
1201 723 1218 768 o
1246 707 1383 782 mutans)
1489 731 1494 740 ·

236 814 428 893 emendabit,
462 814 635 880 sententias
669 813 805 878 omissas
833 814 866 877 in
892 811 1036 896 margine
1064 814 1119 876 eut
1148 830 1243 893 supra
1269 811 1383 876 lineam

238 921 418 1005 adscripsit,
442 925 479 985 61
502 921 552 986 116
575 923 706 984 tantum
731 919 775 1006 (p.
801 921 853 998 25,
874 920 904 984 8.
929 921 982 998 31,
1010 920 1063 999 15)
1087 920 1192 982 166166
1212 917 1293 993 16161;
1313 935 1382 980 nam

238 1048 284 1105 ea,
314 1047 393 1110 quae
417 1049 447 1111 p.
474 1029 548 1106 130,
577 1028 615 1091 11
642 1029 772 1105 61150,
799 1028 839 1094 12
869 1026 1060 1104 6661166661,
1090 1025 1186 1090 etiam
1214 1025 1246 1089 in
1271 1025 1382 1089 ceteris

238 1135 400 1200 codicibus
424 1146 548 1217 praeter
571 1135 600 1198 R
623 1133 800 1198 desiderata
822 1132 970 1198 librarius
992 1133 1024 1196 in
1049 1132 1218 1215 exemplari
1242 1151 1299 1198 suo
1321 1132 1383 1195 iarn
1440 1120 1445 1126 ’

237 1261 297 1308 666
322 1242 414 1306 uidit.
437 1242 471 1306 in
493 1241 555 1305 fine
580 1241 729 1305 orationis
754 1240 909 1322 septimae
932 1239 988 1305 161.
1013 1240 1068 1304 63r
1094 1231 1286 1320 subscriptio
1309 1237 1383 1322 legi-

237 1353 290 1414 tur
312 1349 429 1418 litteris
454 1347 659 1412 maiusculis:
683 1345 858 1427 usquehuc
881 1345 1001 1416 contult
1028 1345 1065 1409 616
1088 1345 1211 1409 ecdicos
1233 1353 1303 1408 66616
1325 1365 1384 1408 rae-

238 1454 512 1533 166166666661,
534 1453 562 1520 si
582 1474 607 1519 6.
627 1453 798 1518 1161661666
823 1451 1012 1537 seniorcml)
1028 1453 1130 1534 ipsius
1149 1451 1255 1516 Rufini
1275 1469 1384 1533 aequa·

238 1562 301 1626 lem
326 1566 358 1626 61
381 1562 516 1626 amicam
538 1561 639 1626 161666
663 1560 907 1636 reminiscimur,
933 1577 1012 1641 quae
1037 1559 1116 1624 obiit
1135 1559 1309 1623 410-411
1331 1557 1384 1641 (cf.

237 1669 359 1747 Butler,
385 1669 451 1732 Tre
474 1667 616 1731 Laneion
639 1666 773 1748 History
796 1665 835 1746 of
847 1664 1018 1730 Palladius
1040 1667 1071 1730 Il
1096 1663 1209 1752 [1904]
1234 1667 1323 1746 228),
1347 1664 1385 1727 ad

239 1775 394 1858 genuinae
419 1774 589 1838 memoriae
613 1773 705 1837 161116
728 1773 807 1836 16666
832 1771 1099 1853 subscriptionem
1119 1772 1220 1836 redire
1238 1775 1335 1855 patet.
1355 1777 1386 1834 61

240 1881 278 1944 de
303 1879 411 1944 codice
436 1880 475 1943 ad
499 1879 641 1944 codicem
661 1898 696 1942 66
717 1879 891 1943 scribarum
915 1877 1145 1942 consuetudine
1168 1878 1245 1942 16116
1268 1878 1387 1942 661116-

240 1989 347 2050 menta
370 1986 553 2067 posteritati
572 1985 722 2069 religiose
745 1985 891 2050 tradendi
917 1988 1091 2068 propagata
1118 1985 1279 2050 Laudiano
1303 1985 1387 2048 fuce·

240 2099 307 2158 tarn
335 2095 461 2156 tantum
490 2093 714 2157 auctoritatem
743 2093 874 2157 confert.
903 2095 1006 2156 exstat
1035 2092 1117 2156 enim
1151 2093 1231 2157 alter
1263 2111 1387 2174 qnoque

240 2199 349 2270 codex,
373 2201 410 2261 61
433 2198 471 2261 16
495 2197 693 2262 Berolinensi
712 2198 811 2264 theol.
830 2198 895 2262 329
915 2201 1049 2277 taceam,
1068 2198 1205 2264 eandem
1230 2199 1388 2280 subscrip·

241 2307 359 2370 tionem
394 2304 554 2381 exhibens,
588 2304 626 2368 dc
659 2323 720 2386 quo
754 2324 826 2370 mon
863 2305 1109 2388 disputabimus,
1146 2306 1388 2370 Atrebatcnsem

242 2411 324 2490 dico,
354 2414 387 2474 et
413 2410 648 2476 miratoribus
674 2411 795 2476 factum
824 2417 883 2488 661,
913 2414 951 2477 61
977 2413 1012 2475 hi
1035 2412 1097 2494 ipsi
1121 2411 1183 2476 dno
1208 2410 1332 2476 codices
1356 2411 1389 2474 in

241 2517 425 2583 uniuersum
445 2517 545 2580 bonae
565 2505 657 2581 notae
677 2536 737 2582 non
757 2518 821 2581 sint
840 2522 882 2595 et,
902 2517 957 2582 ubi
977 2518 1166 2601 singulares,
1181 2537 1261 2600 quae
1281 2537 1388 2583 eorum

241 2623 384 2708 propriae
409 2627 493 2700 sunt,
516 2623 670 2689 lectiones
695 2623 851 2705 exhibent,
875 2624 1030 2688 minorem
1054 2625 1150 2688 etiam
1172 2624 1267 2688 fidem
1289 2643 1389 2688 mere·

241 2733 343 2809 antur,
368 2732 406 2794 cf.
429 2731 512 2794 16166
534 2751 563 2812 p.
586 2731 641 2794 LX
660 2750 707 2813 sq.

285 2839 390 2921 Atque
418 2838 586 2921 praecipue
614 2839 646 2902 in
668 2838 829 2904 Laudiano
854 2838 1013 2922 permulta
1036 2841 1121 2916 sunt,
1150 2839 1388 2933 6666666666-

241 2945 328 3010 11666
353 2947 475 3028 egeant.
500 2964 599 3008 unum
624 2963 723 3028 genus
747 2945 932 3010 mendorum
954 2944 1029 3008 inde
1053 2949 1163 3008 661666
1187 2949 1253 3024 661,
1269 2949 1307 3010 61
1328 2965 1389 3010 666

242 3052 444 3116 snbstantiuo
474 3051 600 3116 cuidem
628 3052 816 3116 antecedens
843 3053 897 3116 uel
926 3051 1099 3116 succedens
1123 3052 1241 3116 nomini
1262 3053 1311 3116 illi
1335 3056 1390 3118 661

242 3157 441 3240 praecedenti
478 3160 535 3222 aut
567 3158 712 3238 sequenti
744 3158 824 3222 16166
856 3158 1063 3240 grammatice
1100 3159 1391 3224 accommodaretur

243 3264 294 3345 (61.
318 3285 348 3345 p.
373 3265 402 3340 8,
429 3266 480 3328 22.
506 3265 557 3344 10,
583 3266 634 3328 26.
659 3265 713 3344 37,
740 3265 789 3327 12.
815 3264 867 3341 63,
892 3266 922 3328 6.
949 3266 1001 3343 75,
1028 3265 1141 3351 1361.)
1166 3266 1390 3340 661116666166

243 3370 368 3434 uoculis
389 3369 537 3434 similiter
556 3368 774 3435 desinentibus
793 3371 846 3434 uel
863 3370 1088 3453 incipientibus
1103 3373 1255 3456 deceptus
1271 3373 1391 3436 similes

244 3476 382 3559 syllabas
402 3495 539 3540 uocesue
559 3475 612 3540 uel
632 3476 793 3540 omitteret
811 3478 864 3541 uel
886 3477 936 3541 bis
959 3483 1090 3560 poneret
1113 3478 1167 3564 (cf.
1193 3480 1246 3558 27,
1265 3483 1317 3543 21.
1337 3482 1389 3555 35,

244 3586 297 3646 22.
319 3584 370 3661 60,
393 3584 536 3661 16153,
557 3585 585 3646 3.
606 3585 681 3661 162,
702 3585 731 3650 3.
753 3585 828 3663 203,
849 3586 898 3648 26.
919 3586 995 3662 240,
1018 3587 1057 3649 15
1078 3583 1143 3671 61.).
1164 3605 1263 3670 genus
1283 3591 1389 3651 autem

243 3689 429 3753 mendorum
455 3688 549 3772 longe
582 3690 878 3771 frequentissimum
911 3691 1064 3775 originem
1093 3693 1188 3757 166611
1220 3713 1256 3758 66
1284 3695 1390 3758 66616-

245 3795 332 3858 61666
365 3794 525 3858 uocalium
559 3799 590 3859 61
618 3797 867 3877 consonantium,
894 3797 986 3861 uelut
1012 3797 1185 3862 innumeris
1212 3799 1292 3864 locis
1321 3819 1391 3864 con·

244 3900 422 3964 funduntur
453 3921 500 3977 oc,
535 3920 568 3964 66
596 3905 627 3964 61
660 3921 683 3982 6,
716 3923 732 3964 6
765 3907 796 3966 61
827 3905 849 3979 1,
883 3923 900 3967 6
934 3909 965 3966 61
997 3925 1028 3986 cr,
1061 3923 1076 3966 c
1110 3909 1141 3968 et
1168 3909 1187 3984 t,
1216 3904 1237 3968 d
1265 3911 1296 3969 et
1324 3911 1344 3983 t,
1374 3906 1391 3969 6

290 4035 311 4104 ²)
330 4036 421 4090 Etiam
440 4037 586 4092 Melaniam
603 4039 736 4093 iuniorem
750 4040 875 4094 Rufinum
895 4059 986 4096 senem
1004 4043 1107 4098 uidisse
1125 4044 1267 4114 probabile
1287 4048 1328 4098 ast
1347 4045 1391 4114 (61.

246 4125 388 4195 Rampolla
402 4125 445 4179 dcl
459 4125 585 4196 Tindaro,
600 4128 694 4182 Scuta
706 4129 837 4184 Melania
854 4130 988 4186 Giuraiore
1003 4132 1144 4187 3666616166
1152 4133 1285 4198 Romanu
1297 4135 1390 4204 [1905]

246 4233 272 4283 p.
292 4214 433 4268 200-202
452 4216 520 4284 661.)
543 4233 593 4271 666
616 4234 679 4272 uero
705 4218 891 4284 dubitandum,
911 4222 976 4290 quin
996 4207 1392 4290 66616166666661611666116-

245 4304 318 4357 16616
337 4305 427 4358 666166
446 4306 613 4374 significetur
632 4307 676 4376 (61.
696 4308 821 4363 Wilmcrt
839 4309 892 4366 1.,1.
912 4327 938 4379 p.
958 4311 993 4363 24
1012 4312 1068 4363 not.
1088 4310 1123 4377 2).

1578 4156 1582 4307 r

1502 4473 1513 4484 ·
