3194 4982
176 457 239 522 116
690 451 805 506 Rufini

174 648 331 716 idolorum
369 651 608 732 oeterorumque
646 648 800 713 similium
839 647 1015 714 obiectione
1047 649 1170 714 iuratur
1203 653 1235 714 et
1271 667 1326 732 per

175 755 302 821 diuersa
320 773 460 821 amorum
480 773 515 820 ae
534 754 769 838 turpitudinum
788 771 903 838 genera
915 755 1089 821 humanum
1104 755 1143 820 ab
1158 756 1208 820 his
1225 775 1325 840 genus

174 863 340 928 uolutatus
363 864 395 926 et
418 861 573 945 mergitur
599 861 661 924 iam
690 860 772 938 inde,
802 879 838 926 ex
867 880 928 944 quo
957 863 1076 928 eleetos
1104 881 1160 927 nos
1193 861 1324 948 aligno

174 969 260 1034 uitae
288 987 343 1053 per
370 969 494 1053 lignum
523 968 643 1033 sciendi
671 969 788 1034 bonum
817 971 848 1034 at
875 970 995 1034 malurn
1026 987 1086 1034 non
1119 969 1151 1033 in
1184 971 1325 1052 tempore

175 1094 277 1158 neque
306 1079 459 1160 oportune
488 1075 715 1158 commodeque
749 1078 913 1160 gustatum
947 1076 1083 1141 habuere
1116 1076 1261 1159 captiuos
1295 1079 1326 1141 et
1357 1099 1370 1143 a

176 1184 316 1248 animum
348 1183 466 1266 ipsum,
504 1182 559 1265 qui
591 1183 623 1246 in
655 1182 746 1248 nobis
780 1182 842 1247 dux
875 1187 907 1248 st
938 1185 1041 1248 reotor
1077 1183 1163 1248 uitae
1199 1187 1325 1249 nostrae

174 1290 300 1372 positus
329 1288 521 1368 sotadeo,
553 1288 643 1354 falsis
676 1289 934 1373 persuasionibus
967 1307 1003 1354 ae
1035 1289 1186 1355 uitiorum
1219 1289 1325 1354 adula-

131 1402 147 1453 2
175 1395 314 1462 tionibus
340 1396 499 1477 decepere.
527 1413 629 1478 neque
654 1395 737 1460 eninr
760 1395 902 1460 ferebant
925 1395 1026 1460 inuidi
1049 1395 1181 1478 spiritus
1208 1396 1326 1478 inpune

175 1504 349 1568 humanum
378 1520 477 1588 genus
506 1502 544 1566 ad
573 1503 696 1568 eaelum
724 1502 859 1587 migrare
888 1503 926 1567 de
953 1503 1055 1582 terris,
1088 1522 1160 1570 oum
1192 1504 1255 1585 ipsi
1289 1503 1325 1568 de

177 1609 322 1692 supernis
345 1608 521 1674 ininferna
545 1609 727 1674 deciderint.
752 1609 914 1674 successio
939 1609 1056 1693 gloriae
1076 1609 1228 1674 excitauit
1244 1610 1324 1675 inni.
1344 1630 1372 1672 ro

177 1715 271 1793 diam,
309 1719 341 1780 et
373 1715 529 1780 malorum
562 1733 692 1780 suorum
726 1715 877 1779 solatium
910 1719 1035 1797 putant,
1071 1717 1109 1796 si,
1146 1717 1230 1782 unde
1262 1715 1326 1800 ipsi

177 1822 369 1899 oeciderunt,
396 1822 475 1888 illue
502 1822 609 1886 nullus
639 1823 797 1886 ascendat.
831 1823 893 1886 ista
922 1827 971 1888 est
998 1823 1080 1888 iuter
1107 1842 1164 1889 uos
1194 1827 1226 1888 et
1252 1824 1325 1888 illos

178 1927 320 1994 odiorum
340 1945 446 2007 eausa,
465 1928 528 1993 ista
547 1928 741 2006 oertarninis3
761 1933 889 2012 propter
907 1929 967 1994 hoe
986 1930 1091 2014 imago
1111 1927 1162 1994 dei
1182 1930 1327 1994 obruitur

177 2039 209 2100 et
236 2035 425 2101 obscuratur
450 2035 483 2099 in
511 2036 611 2102 uobis.
642 2040 674 2101 et
701 2037 849 2118 quoniam
877 2056 938 2102 non
966 2038 1172 2121 probauimus
1201 2055 1325 2101 seruare

177 2142 371 2221 mandatum,
391 2142 501 2207 traditi
520 2163 632 2208 sumus
650 2143 849 2209 infidelitatis
864 2147 990 2210 nostrae
1004 2145 1141 2229 legibus,
1161 2149 1198 2209 ut
1213 2145 1325 2210 erroris
1344 2167 1371 2210 rs

177 2249 276 2315 nostri
304 2249 533 2331 turpitudinem
561 2251 726 2333 turpitudo
756 2251 898 2316 culturae
927 2271 963 2316 ae
990 2252 1152 2337 religionis
1181 2253 1327 2335 argueret

178 2358 210 2420 ot
229 2354 283 2438 qui
301 2355 453 2421 faetorem
473 2356 552 2420 eaeli
571 2360 778 2439 nostrumque
798 2357 978 2423 dimisimus
993 2358 1132 2423 iacturas
1147 2360 1326 2422 nostrarum

134 2471 150 2524 3
177 2479 330 2526 manuum
353 2463 537 2528 toleremus.
561 2482 618 2528 neo
643 2463 822 2530 sufficiebat
845 2465 905 2529 hoe
930 2465 1033 2530 solum
1057 2465 1187 2543 malum,
1212 2468 1249 2530 ut
1272 2464 1326 2546 qui

179 2568 276 2633 creati
299 2585 410 2634 sumus
435 2568 473 2633 ad
496 2571 622 2634 laudem
647 2572 796 2636 creatoris
821 2574 853 2636 et
876 2572 1009 2655 gloriam
1029 2576 1060 2636 et
1080 2572 1120 2637 ad
1136 2570 1326 2636 imitandum

179 2695 251 2742 eum
275 2676 330 2759 qui
352 2695 410 2741 nos
433 2677 510 2742 feeit
533 2715 574 2726 -
599 2679 630 2742 in
656 2682 809 2761 quantum
832 2679 984 2762 possibile
1009 2683 1076 2744 erat
1099 2682 1228 2744 naturae
1251 2680 1326 2745 huie
1344 2703 1371 2748 so

178 2783 324 2866 progredi
348 2819 391 2830 -
415 2783 610 2852 efficeremur·
633 2803 690 2850 uas
715 2784 872 2868 quoddam
896 2786 1048 2852 uitiorum
1075 2786 1271 2852 foedantium
1295 2789 1328 2850 et

179 2890 433 2955 consumentium
462 2890 641 2956 interiorem
670 2892 839 2957 hominem.
869 2911 952 2958 nuno
978 2913 1054 2958 uero
1083 2894 1178 2960 etiam
1206 2894 1238 2957 in
1267 2893 1327 2957 hoe

179 2997 338 3080 progressi
362 3015 484 3076 sumus,
514 3001 638 3062 uttam
668 2999 853 3064 criminosos
880 3000 972 3066 nobis
1001 2998 1076 3065 deos
1105 3003 1328 3080 statueremus,

181 3121 316 3184 quorum
335 3104 476 3186 exemplo
495 3103 585 3168 uitiis
604 3105 721 3168 nostris
742 3105 867 3170 daretur
886 3106 1068 3186 auotoritas,
1086 3111 1123 3174 ut
1141 3127 1201 3172 non
1222 3107 1326 3174 solum
1396 3141 1406 3154 ι

181 3209 248 3273 sine
271 3213 361 3274 reatu
385 3209 474 3274 fieret
496 3215 673 3293 peceatum,
697 3231 807 3276 uerum
833 3213 930 3277 etiam
952 3214 1052 3278 instar
1071 3213 1196 3282 diuinae
1216 3214 1326 3280 simili·
1345 3237 1373 3280 m

269 3434 341 3492 tel.
362 3433 429 3490 Gen.
449 3437 474 3505 2,
495 3439 527 3492 17

218 3557 403 3614 lobisetiont
425 3560 496 3628 Ope.
605 3577 653 3630 per
672 3560 788 3630 diuersa]
808 3577 934 3631 peruersa
953 3563 980 3616 A
1078 3564 1281 3634 tturpidinum
1300 3565 1328 3620 R

182 3647 271 3700 3iam
289 3647 365 3719 inde]
386 3648 517 3704 deindeo
590 3639 745 3706 mosomo
800 3651 1044 3723 beommodequue
1063 3654 1119 3710 Ro
1190 3659 1327 3726 gestatum

181 3739 209 3804 (u
228 3751 249 3790 a.
265 3741 290 3808 e)
309 3739 337 3792 R
391 3737 629 3793 ladolationibus
651 3739 761 3806 C,Oo.o.
818 3740 977 3811 8deeipere
1001 3742 1137 3809 ΚΒΜ.
1228 3745 1327 3815 inpone

183 3834 211 3892 (u
229 3843 250 3880 a.
271 3831 297 3894 o)
317 3827 345 3882 R
420 3829 451 3884 10
471 3828 498 3881 in
516 3828 622 3882 inferno
642 3830 669 3883 R
688 3829 723 3883 ad
741 3829 881 3885 infernae
958 3832 1132 3888 decideruto
1205 3851 1327 3888 successo

180 3919 221 3968 (us
235 3931 256 3972 a.
272 3916 298 3986 o)
317 3915 339 3969 O
376 3916 410 3970 14
424 3915 598 3986 probauimus
614 3916 838 3992 (tbompdaopso)]
851 3921 1033 3989 preualuimus
1044 3920 1139 3976 Roob
1193 3923 1294 3976 seruire
1307 3921 1330 3974 0

183 4005 214 4057 ll
237 4007 264 4058 et
283 4020 334 4059 om.
358 4005 384 4058 V
454 4006 501 4075 qui
520 4022 570 4060 om.
590 4005 618 4060 R
690 4011 895 4079 nostrorumque
917 4010 955 4064 Co
1027 4009 1226 4066 demisimusO
1297 4015 1328 4066 ut

181 4093 213 4160 (s.
234 4094 262 4160 l.)
282 4093 443 4148 faeturasR
497 4110 625 4148 manuum
644 4098 796 4150 nostrarum
812 4099 854 4150 Ao
892 4097 925 4151 18
946 4099 1094 4154 coloremus
1113 4103 1140 4166 (e
1158 4115 1178 4153 o.
1194 4101 1243 4154 ult.
1259 4101 1285 4166 o)
1301 4099 1328 4154 R

181 4184 213 4235 21
235 4182 430 4238 sedentiumO
516 4185 549 4238 23
568 4185 765 4254 progressimus
784 4192 847 4254 (om.
867 4195 969 4254 sumus)
990 4191 1017 4242 A
1107 4188 1171 4243 deos
1189 4190 1268 4244 nobis
1290 4189 1328 4243 Co

181 4287 230 4324 nos
248 4269 365 4337 ΝΜ.
425 4271 489 4325 deos
508 4287 558 4325 om.
582 4273 609 4325 V
678 4275 852 4328 statuerimus
873 4275 946 4331 Coo.
1003 4277 1036 4332 25
1055 4277 1118 4331 fiere
1140 4277 1213 4332 Ome.
1287 4278 1327 4332 di·

182 4360 246 4429 nine
270 4359 342 4426 Ope
