3194 4982
198 451 262 516 116
713 443 827 498 Rufini

196 643 354 710 idolorum
392 645 631 724 oeterorumque
669 641 823 706 similium
861 639 1037 706 obiectione
1069 641 1193 706 furatur
1226 643 1259 705 et
1294 657 1350 722 per

197 750 324 815 diuersa
343 767 483 814 errorum
502 765 538 814 ao
557 747 792 830 turpitudinum
811 763 925 830 genera
938 748 1113 810 humanum
1127 746 1166 810 ab
1182 746 1232 811 his
1248 765 1348 830 genus

197 858 363 922 uolutatus·
386 858 418 920 et
441 854 595 938 mergitur
621 854 685 917 iam
712 853 795 931 inde,
825 871 861 918 ex
889 872 950 936 quo
980 853 1099 918 eiectos
1126 871 1184 919 nos
1216 852 1348 938 aliguo

197 964 283 1028 uitae
311 982 366 1046 per
392 961 517 1046 liguum
546 960 666 1026 sciendi
695 962 811 1026 bonum
840 963 871 1025 et
898 961 1018 1026 malum
1049 978 1109 1024 non
1142 959 1174 1024 in
1207 961 1349 1042 tempore

198 1088 300 1152 neque
329 1072 482 1153 oportune
511 1067 738 1150 commodeque
772 1070 937 1152 gustatum
969 1067 1106 1132 habuere
1140 1067 1285 1150 captiuos
1319 1069 1350 1131 et
1379 1089 1391 1132 s

199 1177 339 1242 animum
371 1177 489 1260 ipsum,
528 1175 583 1258 qui
613 1175 646 1238 in
678 1174 769 1239 nobis
803 1173 864 1239 dux
898 1177 930 1238 et
961 1178 1065 1238 rector
1100 1174 1186 1238 uitae
1223 1178 1348 1239 nostrae

197 1283 323 1366 positus
352 1285 402 1347 est
429 1301 446 1346 a
475 1281 544 1361 deo,
576 1281 666 1346 falsis
698 1279 957 1364 persuasionibus
990 1299 1026 1346 ao
1058 1279 1210 1346 uitiorum
1243 1280 1349 1344 adula-

155 1396 170 1448 2
197 1389 338 1456 tionibus
363 1389 522 1470 decepere.
551 1406 653 1470 neque
677 1387 760 1452 enim
784 1387 926 1452 ferebant
948 1385 1049 1450 inuidi
1072 1386 1205 1468 spiritus
1232 1387 1349 1469 inpune

199 1498 373 1562 humanum
401 1514 500 1580 genus
529 1494 568 1560 ad
597 1495 719 1560 eaelum
747 1494 882 1579 migrare
911 1493 949 1558 de
976 1495 1079 1573 terris,
1111 1513 1184 1559 oum
1216 1494 1279 1576 ipsi
1312 1494 1349 1558 de

201 1603 346 1686 supernis
368 1602 400 1668 in
422 1602 545 1666 inferna
568 1601 751 1666 desiderint.
776 1601 937 1666 successio
962 1600 1080 1684 glorias
1099 1600 1251 1665 excitauit
1268 1600 1348 1664 inui.
1367 1620 1393 1662 ro

200 1711 295 1787 diam,
333 1712 365 1774 et
396 1709 553 1774 malorum
586 1727 717 1772 suorum
750 1706 900 1771 solatium
934 1711 1058 1789 putant,
1095 1707 1132 1786 si,
1170 1707 1254 1772 unde
1286 1706 1350 1790 ipsi

201 1816 393 1893 cecideruut,
419 1815 499 1881 illue
526 1814 633 1879 nullus
663 1814 821 1879 ascendat.
854 1813 917 1879 ista
945 1819 995 1879 est
1021 1815 1103 1879 inter
1130 1834 1188 1880 nos
1218 1818 1251 1879 et
1276 1815 1349 1879 illos

202 1923 344 1989 odiorum
364 1939 470 2000 eausa,
488 1921 552 1986 ista
571 1920 765 1997 certaminis3
785 1923 913 2004 propter
930 1921 991 1985 hoo
1010 1921 1115 2005 imago
1135 1919 1186 1984 dei
1206 1921 1350 1986 obruitur

201 2034 232 2095 et
260 2030 448 2095 obscuratur
474 2029 507 2092 in
535 2028 635 2094 nobis.
666 2031 698 2093 et
726 2027 873 2110 quoniam
901 2047 962 2094 non
990 2029 1196 2112 probauimus
1225 2045 1349 2092 seruare

201 2137 395 2213 mandatum,
415 2135 525 2200 traditi
544 2155 656 2200 sumus
675 2134 873 2200 infidelitatis
888 2139 1015 2201 nostrae
1028 2137 1165 2220 legibus,
1185 2139 1222 2200 ut
1237 2135 1348 2199 erroris
1367 2155 1392 2200 ro

202 2244 300 2308 nostri
328 2241 557 2324 turpitudinem
586 2242 751 2324 turpitudo
780 2243 923 2307 culturae
951 2261 988 2308 ao
1014 2243 1176 2328 religionis
1205 2243 1351 2325 argueret

203 2354 234 2413 et
253 2349 308 2432 qui
325 2349 478 2414 faetorem
498 2348 577 2412 caeli
596 2351 802 2430 nostrumque
822 2349 1002 2414 dimisimus
1017 2349 1156 2414 facturas
1171 2351 1349 2412 nostrarum

158 2465 174 2518 3
202 2473 354 2520 manuum
377 2456 561 2521 coleremus.
586 2475 643 2521 nee
667 2455 847 2521 sufficiebat
870 2457 930 2520 boe
954 2455 1057 2520 solum
1081 2457 1211 2532 malum,
1237 2454 1350 2536 utqui

203 2561 300 2626 orbati
323 2579 434 2626 sumus
459 2562 498 2625 ad
520 2563 647 2626 laudem
672 2564 821 2628 creatoris
846 2565 878 2628 et
900 2563 1034 2646 gloriam
1053 2566 1085 2627 et
1104 2562 1143 2626 ad
1160 2561 1350 2626 imitandum

203 2689 276 2733 eum
300 2669 354 2752 qui
378 2688 434 2734 nos
457 2669 599 2734 feeit-
625 2671 655 2734 in
681 2674 834 2753 quantum
857 2670 1009 2754 possibile
1033 2674 1100 2735 erat
1123 2672 1252 2735 naturae
1276 2669 1349 2734 huie
1366 2691 1391 2737 ao

202 2775 348 2858 progredi
373 2813 415 2822 -
439 2775 635 2842 efficeremur
657 2795 715 2841 uas
740 2775 897 2858 quoddam
920 2777 1072 2841 uitiorum
1099 2776 1296 2841 foedantium
1320 2779 1351 2840 et

204 2883 458 2947 consumentium
486 2884 667 2948 interiorem
696 2884 864 2948 bominem.
894 2903 977 2948 nuno
1003 2902 1078 2947 uero
1108 2884 1203 2947 etiam
1231 2884 1263 2946 in
1292 2881 1351 2946 hoe

204 2989 362 3074 progressi
387 3009 509 3069 sumus,
538 2993 663 3054 uttam
693 2991 877 3056 criminosos
905 2990 996 3055 nobis
1025 2989 1100 3054 deos
1130 2993 1351 3068 statueremus,

205 3115 340 3179 quorum
360 3099 501 3180 exempto
521 3096 610 3162 uitiis
630 3097 746 3161 nostris
767 3096 893 3161 daretur
911 3096 1092 3175 auotoritas,
1111 3099 1147 3160 ut
1166 3116 1226 3160 non
1247 3097 1350 3162 solum
1414 3127 1423 3139 ν

206 3203 273 3267 sine
297 3206 386 3267 reatu
410 3203 499 3268 fieret
522 3207 698 3287 peceatum,
722 3222 832 3267 uerum
858 3204 954 3268 etiam
976 3203 1077 3268 instar
1096 3202 1221 3272 diuinae
1242 3203 1393 3268 simili-uo

294 3429 312 3482 4
333 3428 367 3486 ei.
387 3427 454 3484 Gen.
474 3430 499 3498 2,
520 3431 552 3484 17

243 3552 429 3607 lobieotione
451 3553 521 3622 Ope.
631 3569 678 3622 per
698 3552 813 3620 diuersa]
833 3569 959 3621 peruersa
978 3553 1004 3605 A
1103 3554 1307 3623 2turpidinum
1325 3555 1352 3608 R

207 3641 297 3696 Biam
315 3641 390 3712 inde]
411 3641 543 3696 deindeo
616 3631 665 3696 no's
684 3658 771 3697 om.v
825 3641 1069 3712 beommodequae
1088 3643 1143 3698 ΒΟ
1216 3648 1351 3715 gestatum

206 3735 234 3798 (u
253 3747 274 3785 a.
291 3736 316 3802 e)
335 3732 362 3786 R
417 3730 654 3785 tadoiationibus
677 3731 786 3798 G,Oa.o.
843 3730 1002 3800 8deeipere
1026 3731 1162 3797 uacuo.
1253 3734 1352 3804 inpone

208 3828 236 3886 (u
254 3838 275 3875 e.
296 3825 322 3889 o)
343 3821 371 3876 R
445 3821 477 3874 10
495 3821 524 3874 in
543 3820 648 3874 interno
667 3821 695 3876 R
714 3819 906 3874 adinternao
983 3821 1157 3876 decideruto
1203 3839 1352 3896 ¹successo

206 3913 247 3963 (us
261 3927 282 3967 o.
298 3911 324 3981 o)
342 3909 365 3964 0
402 3911 437 3964 14
450 3908 624 3978 probabimus
640 3907 863 3980 (ibourpu'eopuffl
876 3909 1059 3979 preualuimus
1069 3909 1164 3964 Roob
1219 3913 1320 3965 seruire
1333 3909 1354 3964 0

210 3999 240 4051 17
263 4002 289 4052 et
308 4015 359 4053 om.
384 3999 411 4052 V
481 3998 527 4067 qui
546 4014 597 4051 om.
616 3997 644 4052 R
716 4001 920 4068 nostrorumque
942 3997 980 4052 Oe
1052 3998 1251 4054 demisimusO
1323 4004 1353 4054 ut

208 4087 239 4153 (a.
260 4089 288 4155 t.)
307 4086 469 4141 facturasR
523 4101 651 4138 manuum
670 4088 822 4138 nostrarum
837 4089 880 4140 Ao
917 4087 951 4140 18
971 4088 1120 4142 coloremus
1139 4091 1165 4153 (e
1184 4089 1269 4142 uait.
1285 4091 1311 4156 ο)
1327 4087 1354 4143 R

208 4177 240 4228 21
261 4177 456 4230 fedantiumO
542 4175 575 4228 23
595 4175 790 4244 progressimus
810 4181 872 4243 (om.
892 4182 995 4243 sumus)
1015 4178 1043 4230 A
1133 4176 1197 4230 deos
1216 4178 1295 4232 nobis
1317 4179 1354 4232 Oo

208 4280 257 4317 nos
274 4265 391 4332 R‚Vp.o.
451 4263 515 4316 deos
534 4279 584 4316 om.
609 4263 635 4315 V
704 4265 877 4318 statuerimus
899 4263 971 4320 Ouo.
1028 4265 1061 4320 25
1081 4266 1144 4319 fiere
1167 4266 1239 4320 Ouo.
1313 4267 1352 4321 di·

209 4353 272 4424 uine
296 4354 367 4422 Ope.
