3228 4978
287 494 352 556 214
807 487 920 542 Rufini

287 686 341 769 qui
377 685 455 750 lacit
486 683 591 748 omnia
625 686 656 748 et
689 687 864 748 commutat
894 685 990 766 atque
1023 682 1190 758 conuertit,
1225 685 1438 748 commutauit

287 793 383 859 etiam
415 792 539 856 luctum
572 793 717 855 nostrum
749 790 780 854 in
809 789 960 874 gaudium
989 790 1080 855 nobis
1109 793 1141 854 et
1169 789 1312 871 disrupto
1343 809 1435 856 sacco

285 898 459 981 praecinxit
490 916 547 962 nos
574 895 708 974 laetitia,
742 915 800 960 nos
828 915 954 979 quoque
984 914 1056 961 cum
1084 895 1149 960 illis
1178 895 1326 962 omnibus
1356 915 1436 978 quae

277 1005 479 1072 'transierunt
523 1003 671 1069 tristibus
719 1007 751 1068 et
792 1003 933 1094 aduersis
975 1003 1093 1086 pariter
1134 1003 1230 1066 etiam
1272 1003 1435 1068 silentium

287 1114 480 1197 deponamus
513 1117 546 1176 et
577 1111 773 1194 proferamus
806 1111 846 1175 ad
878 1130 936 1176 uos
969 1129 1051 1174 nune
1078 1111 1216 1193 primum
1245 1129 1435 1186 sermonem,
1466 1129 1478 1170 c

286 1221 383 1285 immo
412 1219 519 1302 potius
547 1238 602 1300 per
630 1218 803 1302 gratiarum
831 1217 988 1281 actionem
1016 1215 1074 1281 deo
1102 1217 1192 1281 uerbi
1220 1218 1321 1282 nostri
1345 1217 1437 1283 uicti-

241 1333 258 1382 4
286 1345 370 1390 mam
395 1325 587 1410 iugulemus.
611 1323 689 1388 hacc
714 1324 796 1388 onim
821 1342 839 1386 a
862 1323 952 1388 nobis
978 1321 1080 1386 offerri
1104 1323 1185 1387 dona
1208 1325 1315 1404 aplius
1336 1329 1387 1388 est
1406 1327 1437 1388 et

287 1432 413 1517 dignius
437 1450 533 1514 quam
558 1431 625 1494 auri
649 1430 834 1513 argentique
854 1430 991 1505 donaria,
1017 1449 1111 1511 quam
1131 1431 1266 1512 gemmis
1286 1432 1436 1513 pretiosis

287 1541 470 1603 ornamenta
498 1537 658 1602 distincta.
687 1536 793 1602 hostia
820 1536 899 1601 haec
924 1536 1022 1619 legali
1049 1536 1106 1598 illa
1129 1536 1234 1601 hostia
1257 1537 1384 1621 dignior
1407 1541 1438 1603 et

285 1645 520 1727 primitiuorum
559 1643 719 1708 oblatione
757 1644 919 1721 sacratior,
957 1661 1037 1724 quae
1072 1627 1307 1724 placebit'deo
1341 1665 1437 1729 super
1456 1659 1479 1702 10

287 1752 426 1815 uitulum
464 1751 627 1816 nouellnm
660 1768 776 1814 cornua
809 1750 1034 1832 producentem
1067 1754 1099 1814 et
1131 1750 1279 1834 ungulas,
1317 1752 1439 1835 gratior

286 1859 414 1923 incenso
443 1857 617 1939 conposito,
650 1855 838 1920 holocausto
862 1855 1010 1933 nobilior,
1043 1869 1141 1939 super
1166 1857 1255 1920 milia
1283 1877 1436 1942 agnorum

286 1964 454 2048 pingnium
474 1962 642 2046 acceptior,
667 1963 783 2045 quibus
801 1963 990 2027 inbuebatur
1008 1965 1062 2028 uel
1078 1963 1263 2028 initiabatur
1281 1967 1436 2047 paruulus

287 2072 417 2150 Israhel,
456 2089 528 2135 cnm
560 2071 591 2135 in
625 2069 804 2134 carnalibus
837 2070 978 2134 uictimis
1012 2070 1281 2135 adumbrabantur
1312 2072 1437 2136 hostiae

288 2177 456 2258 spiritales.
1456 2194 1481 2238 ru

334 2287 364 2346 5.
388 2283 477 2347 Hanc
501 2303 559 2366 ego
587 2283 699 2368 iugulo
728 2284 893 2347 uictimam
923 2284 991 2363 deo,
1019 2284 1097 2348 haec
1126 2304 1185 2370 ego
1215 2283 1297 2350 dona
1329 2285 1436 2362 offero,

288 2409 368 2471 quae
406 2389 484 2454 mihi
522 2390 590 2454 sola
623 2389 786 2472 dereliqui,
824 2409 905 2472 qnae
938 2391 1023 2455 solae
1057 2393 1134 2455 sunt
1166 2390 1298 2455 diuitiae
1331 2412 1437 2469 meae;

288 2507 392 2562 cetera
415 2497 497 2562 onim
522 2477 698 2580 relinquere
721 2498 824 2562 suasit
842 2498 983 2562 mandati
1000 2498 1113 2582 religio
1133 2502 1166 2564 et
1183 2499 1315 2581 spiritus
1335 2500 1439 2564 sancti

288 2604 501 2678 commonitio,
540 2609 576 2669 ut
612 2624 707 2669 unam
744 2605 915 2687 pretiosam
953 2605 1157 2689 margaritam
1194 2626 1249 2688 pro
1287 2607 1438 2672 omnibus

287 2719 525 2786 commutarem,
550 2712 579 2776 si
602 2730 664 2793 quo
688 2712 781 2776 modo
801 2712 882 2776 forte
902 2711 984 2776 effici
1003 2729 1132 2794 possem
1151 2712 1332 2796 negotiator
1348 2713 1439 2797 regni
1456 2727 1481 2769 20

287 2820 455 2896 caelorum,
488 2818 543 2900 qui
576 2819 835 2900 corruptibilibus
869 2821 900 2883 et
927 2820 1033 2900 paruis
1062 2837 1176 2902 magna
1204 2822 1237 2883 et
1264 2839 1437 2902 numquam

242 2936 258 2984 2
287 2925 514 3009 corrumpenda
537 2943 701 2990 mercarer.
726 2925 845 2989 suflicit
868 2943 941 3009 ergo
966 2925 1043 2990 haec
1066 2925 1146 2988 milri
1170 2925 1238 2990 sola
1257 2925 1347 2989 uerbi
1366 2943 1438 3007 pos-

287 3033 398 3107 sessio,
429 3032 503 3114 qnia
531 3033 563 3095 ot
591 3031 679 3096 solus
703 3031 792 3095 uerbi
817 3031 937 3096 sufficit
960 3032 1075 3095 cultus.
1105 3035 1138 3096 et
1161 3033 1247 3114 opto,
1278 3031 1306 3095 si
1330 3032 1439 3096 faueat

287 3144 318 3203 et
340 3139 431 3204 iuuet
454 3139 562 3203 diuina
586 3138 750 3221 sapientia,
775 3139 854 3202 banc
879 3157 1002 3220 semper
1026 3138 1166 3202 excolere
1189 3139 1438 3221 possessionem,

379 3383 390 3433 1
414 3379 447 3434 cf.
466 3380 511 3437 Ps.
532 3381 574 3448 29,
596 3383 628 3434 12
685 3381 718 3434 10
738 3379 771 3435 cf.
791 3380 835 3433 Ps.
854 3380 897 3443 68,
918 3381 952 3433 32
1008 3380 1041 3434 19
1061 3381 1214 3435 0111101111.
1235 3382 1277 3450 13,
1296 3382 1331 3434 45
1351 3399 1391 3451 sq.

324 3506 425 3559 lhaeo
445 3506 536 3560 omnia
559 3505 585 3558 V
637 3508 775 3560 conmutat
792 3505 872 3560 Rrec.
929 3504 1107 3560 commutabit
1126 3505 1235 3574 V,Oa.r.
1273 3505 1388 3559 datiam
1410 3511 1438 3559 et

288 3593 390 3646 luctum
409 3592 436 3647 R
527 3592 636 3663 dirupto
656 3593 710 3649 ΕΑ
782 3593 984 3663 3praecincxit
1003 3597 1030 3647 A
1105 3595 1281 3648 4silentium
1301 3593 1437 3666 (00001ήο11

289 3682 398 3734 silentia
417 3682 444 3737 R
464 3685 493 3736 et
511 3682 649 3736 silentium
668 3686 694 3735 A
790 3684 806 3736 9
824 3683 876 3736 bac
892 3683 920 3736 A
1028 3682 1113 3753 legali
1133 3683 1275 3754 (roprrq;)]
1295 3682 1394 3751 legalis
1417 3683 1440 3736 O

289 3771 375 3838 regali
392 3771 429 3825 Co
467 3771 500 3825 10
515 3771 669 3825 oblationes
685 3772 757 3826 Ome.
797 3773 829 3826 11
846 3771 984 3825 nonellum
1004 3772 1083 3838 (νέον)
1099 3789 1150 3828 om.
1166 3771 1193 3826 R
1249 3771 1440 3841 gratifflorA

290 3858 323 3910 12
341 3860 437 3913 ineeno
459 3859 497 3914 Co
580 3859 613 3912 13
633 3860 763 3930 pinguum
781 3859 810 3914 R
898 3860 1063 3914 induebatur
1080 3860 1108 3912 A
1198 3861 1361 3914 initiabatur
1378 3861 1442 3926 (sl

290 3945 397 4015 utebai)
416 3947 546 4018 paruulus
563 3952 593 4014 (s,
613 3949 739 4018 populus)
754 3950 782 4003 R
821 3950 853 4002 14
867 3949 895 4002 in
911 3965 981 4002 carn.
1001 3950 1066 4003 niet.
1086 3955 1153 4015 (ταῖς
1173 3948 1288 4022 incipet<
1306 3949 1439 4018 bociam]

289 4036 470 4090 incarnalibus
490 4036 554 4090 niet.
575 4035 657 4090 ROV
719 4037 752 4092 15
772 4038 904 4107 spiritalis
926 4036 998 4092 Ome.
1019 4038 1176 4107 spirituales
1194 4041 1222 4092 A
1290 4038 1323 4091 16
1342 4037 1394 4109 hec
1413 4041 1442 4092 A

291 4124 483 4194 e1·goR,Ca.c.
558 4125 590 4178 18
610 4124 697 4178 suasit
715 4125 832 4178 madalis
853 4125 965 4179 uictima
983 4127 1030 4179 ubi
1047 4127 1145 4196 religio
1165 4144 1180 4180 0
1253 4126 1357 4197 relegio
1378 4127 1398 4196 (i
1419 4146 1441 4182 a.

292 4213 359 4281 010
430 4213 500 4267 sacti
519 4219 593 4283 apso
648 4215 683 4269 ‘ro
702 4216 803 4284 possim
826 4214 917 4270 OACc
970 4217 1003 4268 21
1025 4233 1077 4286 quo
1097 4219 1124 4270 A
1196 4233 1294 4286 magna
1313 4221 1442 4272 etnum·

292 4317 371 4368 quam
396 4301 590 4370 corrumpenda
613 4305 656 4371 (τὰ
680 4303 780 4374 μεγάλα
804 4306 847 4358 καὶ
874 4305 910 4376 μὴ
937 4303 1073 4376 lodpcrull
1102 4320 1201 4374 magna
1229 4308 1256 4373 (a
1279 4305 1332 4374 fia.
1362 4323 1395 4359 err
1416 4311 1443 4375 e)

291 4405 423 4455 nusquam
447 4391 642 4460 corrumpenda
660 4391 687 4447 R
741 4392 775 4444 23
796 4392 906 4446 obtoO
976 4393 999 4445 si
1017 4393 1116 4448 ormo
1167 4393 1202 4446 24
1223 4397 1251 4446 01
1269 4393 1340 4448 hanc
1359 4393 1387 4447 R
