<?xml version="1.0" encoding="UTF-8"?>
<!DOCTYPE html PUBLIC "-//W3C//DTD XHTML 1.0 Transitional//EN"
    "http://www.w3.org/TR/xhtml1/DTD/xhtml1-transitional.dtd">
<html xmlns="http://www.w3.org/1999/xhtml" xml:lang="en" lang="en">
 <head>
  <title>
</title>
<meta http-equiv="Content-Type" content="text/html;charset=utf-8" />
  <meta name='ocr-system' content='tesseract 3.04.00' />
  <meta name='ocr-capabilities' content='ocr_page ocr_carea ocr_par ocr_line ocrx_word'/>
</head>
<body>
  <div class='ocr_page' id='page_1' title='image "./tyranniirvfinio00engegoog_0040.png"; bbox 0 0 3204 4996; ppageno 0'>
   <div class='ocr_carea' id='block_1_1' title="bbox 642 453 1361 524">
    <p class='ocr_par' dir='ltr' id='par_1_1' title="bbox 642 453 1361 524">
     <span class='ocr_line' id='line_1_1' title="bbox 642 453 1361 524; baseline 0.028 -18"><span class='ocrx_word' id='word_1_1' title='bbox 642 453 937 522; x_wconf 86' lang='lat' dir='ltr'>Prolegomena.</span> <span class='ocrx_word' id='word_1_2' title='bbox 1255 459 1361 524; x_wconf 86' lang='lat' dir='ltr'>XXXI</span> 
     </span>
    </p>
   </div>
   <div class='ocr_carea' id='block_1_2' title="bbox 208 645 1362 1482">
    <p class='ocr_par' dir='ltr' id='par_1_2' title="bbox 208 645 1362 1482">
     <span class='ocr_line' id='line_1_2' title="bbox 214 645 1361 733; baseline 0.007 -24"><span class='ocrx_word' id='word_1_3' title='bbox 214 645 370 711; x_wconf 80' lang='lat' dir='ltr'>affirmare</span> <span class='ocrx_word' id='word_1_4' title='bbox 399 647 513 712; x_wconf 87' lang='lat' dir='ltr'>ausim.</span> <span class='ocrx_word' id='word_1_5' title='bbox 542 667 579 712; x_wconf 89' lang='lat' dir='ltr'>ex</span> <span class='ocrx_word' id='word_1_6' title='bbox 607 649 744 733; x_wconf 81' lang='lat' dir='ltr'>catalogi</span> <span class='ocrx_word' id='word_1_7' title='bbox 772 649 853 715; x_wconf 90' lang='lat' dir='ltr'>enim</span> <span class='ocrx_word' id='word_1_8' title='bbox 883 650 970 715; x_wconf 87' lang='lat' dir='ltr'>illius</span> <span class='ocrx_word' id='word_1_9' title='bbox 999 651 1209 733; x_wconf 88' lang='lat' dir='ltr'>desoriptione</span> <span class='ocrx_word' id='word_1_10' title='bbox 1236 653 1361 718; x_wconf 87' lang='lat' dir='ltr'>Lauris-</span> 
     </span>
     <span class='ocr_line' id='line_1_3' title="bbox 213 753 1362 840; baseline 0.006 -25"><span class='ocrx_word' id='word_1_11' title='bbox 213 753 396 818; x_wconf 88' lang='lat' dir='ltr'>hamensem</span> <span class='ocrx_word' id='word_1_12' title='bbox 432 758 507 837; x_wconf 86' lang='lat' dir='ltr'>post</span> <span class='ocrx_word' id='word_1_13' title='bbox 543 757 700 822; x_wconf 87' lang='lat' dir='ltr'>orationes</span> <span class='ocrx_word' id='word_1_14' title='bbox 734 755 944 840; x_wconf 80' lang='lat' dir='ltr'>Gregorianas</span> <span class='ocrx_word' id='word_1_15' title='bbox 981 758 1078 823; x_wconf 83' lang='lat' dir='ltr'>etiarn</span> <span class='ocrx_word' id='word_1_16' title='bbox 1114 760 1286 823; x_wconf 77' lang='lat' dir='ltr'>tractatum</span> <span class='ocrx_word' id='word_1_17' title='bbox 1323 760 1362 824; x_wconf 87' lang='lat' dir='ltr'>de</span> 
     </span>
     <span class='ocr_line' id='line_1_4' title="bbox 213 859 1359 948; baseline 0.008 -26"><span class='ocrx_word' id='word_1_18' title='bbox 213 859 322 924; x_wconf 80' lang='lat' dir='ltr'><em>ordine</em></span> <span class='ocrx_word' id='word_1_19' title='bbox 344 863 422 923; x_wconf 79' lang='lat' dir='ltr'>noui</span> <span class='ocrx_word' id='word_1_20' title='bbox 443 866 472 925; x_wconf 89' lang='lat' dir='ltr'>et</span> <span class='ocrx_word' id='word_1_21' title='bbox 494 863 609 926; x_wconf 82' lang='lat' dir='ltr'>ueteris</span> <span class='ocrx_word' id='word_1_22' title='bbox 631 864 803 926; x_wconf 72' lang='lat' dir='ltr'><em>testamenti</em></span> <span class='ocrx_word' id='word_1_23' title='bbox 826 863 1007 929; x_wconf 79' lang='lat' dir='ltr'>exhibuisse</span> <span class='ocrx_word' id='word_1_24' title='bbox 1037 865 1167 947; x_wconf 87' lang='lat' dir='ltr'>seimus,</span> <span class='ocrx_word' id='word_1_25' title='bbox 1197 867 1251 948; x_wconf 90' lang='lat' dir='ltr'>qui</span> <span class='ocrx_word' id='word_1_26' title='bbox 1275 886 1359 931; x_wconf 88' lang='lat' dir='ltr'>nuno</span> 
     </span>
     <span class='ocr_line' id='line_1_5' title="bbox 212 967 1359 1055; baseline 0.007 -25"><span class='ocrx_word' id='word_1_27' title='bbox 212 967 303 1032; x_wconf 84' lang='lat' dir='ltr'><em>deest</em></span> <span class='ocrx_word' id='word_1_28' title='bbox 325 969 355 1031; x_wconf 90' lang='lat' dir='ltr'>iu</span> <span class='ocrx_word' id='word_1_29' title='bbox 381 969 540 1033; x_wconf 83' lang='lat' dir='ltr'>Laudiauo</span> <span class='ocrx_word' id='word_1_30' title='bbox 564 989 663 1053; x_wconf 88' lang='lat' dir='ltr'>nequo</span> <span class='ocrx_word' id='word_1_31' title='bbox 687 989 837 1052; x_wconf 89' lang='lat' dir='ltr'>umquam</span> <span class='ocrx_word' id='word_1_32' title='bbox 862 971 1003 1036; x_wconf 82' lang='lat' dir='ltr'>adfuisse</span> <span class='ocrx_word' id='word_1_33' title='bbox 1028 973 1185 1054; x_wconf 90' lang='lat' dir='ltr'>putandus</span> <span class='ocrx_word' id='word_1_34' title='bbox 1205 976 1264 1052; x_wconf 77' lang='lat' dir='ltr'>eat,</span> <span class='ocrx_word' id='word_1_35' title='bbox 1284 993 1359 1055; x_wconf 90' lang='lat' dir='ltr'>quo·</span> 
     </span>
     <span class='ocr_line' id='line_1_6' title="bbox 210 1073 1360 1162; baseline 0.008 -27"><span class='ocrx_word' id='word_1_36' title='bbox 210 1073 294 1136; x_wconf 91' lang='lat' dir='ltr'>niam</span> <span class='ocrx_word' id='word_1_37' title='bbox 317 1078 391 1156; x_wconf 83' lang='lat' dir='ltr'>post</span> <span class='ocrx_word' id='word_1_38' title='bbox 415 1079 565 1158; x_wconf 83' lang='lat' dir='ltr'>quattuor</span> <span class='ocrx_word' id='word_1_39' title='bbox 587 1096 700 1141; x_wconf 87' lang='lat' dir='ltr'>uorsus</span> <span class='ocrx_word' id='word_1_40' title='bbox 728 1078 782 1142; x_wconf 87' lang='lat' dir='ltr'>fol.</span> <span class='ocrx_word' id='word_1_41' title='bbox 807 1079 861 1142; x_wconf 80' lang='grc' dir='ltr'>85Γ</span> <span class='ocrx_word' id='word_1_42' title='bbox 888 1076 1033 1162; x_wconf 85' lang='lat' dir='ltr'>Gregorii</span> <span class='ocrx_word' id='word_1_43' title='bbox 1061 1081 1166 1143; x_wconf 88' lang='lat' dir='ltr'>textus</span> <span class='ocrx_word' id='word_1_44' title='bbox 1196 1079 1303 1145; x_wconf 86' lang='lat' dir='ltr'>finitur</span> <span class='ocrx_word' id='word_1_45' title='bbox 1327 1085 1360 1144; x_wconf 91' lang='lat' dir='ltr'>et</span> 
     </span>
     <span class='ocr_line' id='line_1_7' title="bbox 210 1183 1358 1268; baseline 0.005 -24"><span class='ocrx_word' id='word_1_46' title='bbox 210 1199 345 1261; x_wconf 89' lang='lat' dir='ltr'>sequeus</span> <span class='ocrx_word' id='word_1_47' title='bbox 364 1183 471 1248; x_wconf 89' lang='lat' dir='ltr'>breuis</span> <span class='ocrx_word' id='word_1_48' title='bbox 486 1184 622 1266; x_wconf 82' lang='lat' dir='ltr'>hymnus</span> <span class='ocrx_word' id='word_1_49' title='bbox 638 1185 674 1247; x_wconf 87' lang='lat' dir='ltr'>ad</span> <span class='ocrx_word' id='word_1_50' title='bbox 695 1185 884 1248; x_wconf 87' lang='lat' dir='ltr'>Miohaelem</span> <span class='ocrx_word' id='word_1_51' title='bbox 904 1185 1130 1268; x_wconf 82' lang='lat' dir='ltr'>archangelum</span> <span class='ocrx_word' id='word_1_52' title='bbox 1149 1185 1189 1249; x_wconf 88' lang='lat' dir='ltr'>ad</span> <span class='ocrx_word' id='word_1_53' title='bbox 1208 1185 1358 1250; x_wconf 89' lang='lat' dir='ltr'>ultimum</span> 
     </span>
     <span class='ocr_line' id='line_1_8' title="bbox 208 1287 1358 1375; baseline 0.005 -25"><span class='ocrx_word' id='word_1_54' title='bbox 208 1287 321 1352; x_wconf 86' lang='lat' dir='ltr'>folium</span> <span class='ocrx_word' id='word_1_55' title='bbox 344 1292 468 1354; x_wconf 89' lang='lat' dir='ltr'>reotum</span> <span class='ocrx_word' id='word_1_56' title='bbox 492 1309 527 1354; x_wconf 90' lang='lat' dir='ltr'>ex</span> <span class='ocrx_word' id='word_1_57' title='bbox 549 1295 639 1373; x_wconf 87' lang='lat' dir='ltr'>parte</span> <span class='ocrx_word' id='word_1_58' title='bbox 663 1291 791 1373; x_wconf 90' lang='lat' dir='ltr'>quidem</span> <span class='ocrx_word' id='word_1_59' title='bbox 815 1291 972 1375; x_wconf 84' lang='lat' dir='ltr'>seriptum</span> <span class='ocrx_word' id='word_1_60' title='bbox 989 1291 1210 1375; x_wconf 82' lang='lat' dir='ltr'>complendum</span> <span class='ocrx_word' id='word_1_61' title='bbox 1230 1292 1358 1357; x_wconf 88' lang='lat' dir='ltr'>additus</span> 
     </span>
     <span class='ocr_line' id='line_1_9' title="bbox 209 1395 1356 1482; baseline 0.005 -24"><span class='ocrx_word' id='word_1_62' title='bbox 209 1413 279 1460; x_wconf 88' lang='lat' dir='ltr'>esse</span> <span class='ocrx_word' id='word_1_63' title='bbox 311 1395 449 1473; x_wconf 90' lang='lat' dir='ltr'>uidetur,</span> <span class='ocrx_word' id='word_1_64' title='bbox 483 1416 555 1462; x_wconf 89' lang='lat' dir='ltr'>oum</span> <span class='ocrx_word' id='word_1_65' title='bbox 588 1397 642 1462; x_wconf 86' lang='lat' dir='ltr'>sol.</span> <span class='ocrx_word' id='word_1_66' title='bbox 670 1399 727 1461; x_wconf 77' lang='lat'>85¹²</span> <span class='ocrx_word' id='word_1_67' title='bbox 751 1399 878 1464; x_wconf 89' lang='lat' dir='ltr'>omuino</span> <span class='ocrx_word' id='word_1_68' title='bbox 910 1399 1067 1482; x_wconf 80' lang='lat' dir='ltr'>seriptum</span> <span class='ocrx_word' id='word_1_69' title='bbox 1101 1401 1214 1464; x_wconf 85' lang='lat' dir='ltr'>eareat.</span> <span class='ocrx_word' id='word_1_70' title='bbox 1247 1401 1356 1482; x_wconf 88' lang='lat' dir='ltr'>itaque</span> 
     </span>
    </p>
   </div>
   <div class='ocr_carea' id='block_1_3' title="bbox 102 1502 1358 1586">
    <p class='ocr_par' dir='ltr' id='par_1_3' title="bbox 102 1502 1358 1586">
     <span class='ocr_line' id='line_1_10' title="bbox 102 1502 1358 1586; baseline 0.003 -22"><span class='ocrx_word' id='word_1_71' title='bbox 102 1545 107 1550; x_wconf 72' lang='lat'>,</span> <span class='ocrx_word' id='word_1_72' title='bbox 208 1502 339 1586; x_wconf 85' lang='lat' dir='ltr'>paulum</span> <span class='ocrx_word' id='word_1_73' title='bbox 363 1503 515 1569; x_wconf 89' lang='lat' dir='ltr'>dissentio</span> <span class='ocrx_word' id='word_1_74' title='bbox 541 1505 579 1568; x_wconf 89' lang='lat' dir='ltr'>ab</span> <span class='ocrx_word' id='word_1_75' title='bbox 602 1504 728 1568; x_wconf 85' lang='lat' dir='ltr'>Andrea</span> <span class='ocrx_word' id='word_1_76' title='bbox 753 1506 901 1569; x_wconf 88' lang='lat' dir='ltr'>Wilmart</span> <span class='ocrx_word' id='word_1_77' title='bbox 925 1503 990 1585; x_wconf 79' lang='lat' dir='ltr'>(Lo</span> <span class='ocrx_word' id='word_1_78' title='bbox 1013 1504 1167 1569; x_wconf 79' lang='lat' dir='ltr'>tradition</span> <span class='ocrx_word' id='word_1_79' title='bbox 1189 1505 1243 1569; x_wconf 85' lang='lat' dir='ltr'>des</span> <span class='ocrx_word' id='word_1_80' title='bbox 1266 1525 1358 1586; x_wconf 81' lang='lat' dir='ltr'>opas-</span> 
     </span>
    </p>
   </div>
   <div class='ocr_carea' id='block_1_4' title="bbox 207 1607 1355 1910">
    <p class='ocr_par' dir='ltr' id='par_1_4' title="bbox 207 1607 1355 1910">
     <span class='ocr_line' id='line_1_11' title="bbox 208 1607 1355 1697; baseline 0.005 -26"><span class='ocrx_word' id='word_1_81' title='bbox 208 1608 290 1672; x_wconf 80' lang='lat' dir='ltr'>cates</span> <span class='ocrx_word' id='word_1_82' title='bbox 313 1607 525 1692; x_wconf 79' lang='lat' dir='ltr'>dopmottqnes</span> <span class='ocrx_word' id='word_1_83' title='bbox 552 1611 589 1675; x_wconf 87' lang='lat' dir='ltr'>de</span> <span class='ocrx_word' id='word_1_84' title='bbox 612 1609 793 1676; x_wconf 82' lang='lat' dir='ltr'>Foebodtus</span> <span class='ocrx_word' id='word_1_85' title='bbox 823 1617 882 1677; x_wconf 87' lang='lat' dir='ltr'>eto.</span> <span class='ocrx_word' id='word_1_86' title='bbox 911 1632 940 1693; x_wconf 92' lang='lat' dir='ltr'>p.</span> <span class='ocrx_word' id='word_1_87' title='bbox 965 1613 1007 1677; x_wconf 86' lang='lat'>20</span> <span class='ocrx_word' id='word_1_88' title='bbox 1031 1615 1096 1677; x_wconf 91' lang='lat' dir='ltr'>not.</span> <span class='ocrx_word' id='word_1_89' title='bbox 1120 1610 1165 1697; x_wconf 88' lang='grc'>2),</span> <span class='ocrx_word' id='word_1_90' title='bbox 1191 1613 1245 1694; x_wconf 86' lang='lat' dir='ltr'>qui</span> <span class='ocrx_word' id='word_1_91' title='bbox 1269 1617 1355 1677; x_wconf 88' lang='lat' dir='ltr'>reete</span> 
     </span>
     <span class='ocr_line' id='line_1_12' title="bbox 207 1715 1354 1802; baseline 0.004 -23"><span class='ocrx_word' id='word_1_92' title='bbox 207 1715 334 1796; x_wconf 90' lang='lat' dir='ltr'>quidem</span> <span class='ocrx_word' id='word_1_93' title='bbox 358 1718 389 1780; x_wconf 90' lang='lat' dir='ltr'>in</span> <span class='ocrx_word' id='word_1_94' title='bbox 413 1717 557 1782; x_wconf 83' lang='lat' dir='ltr'>codicum</span> <span class='ocrx_word' id='word_1_95' title='bbox 578 1718 798 1785; x_wconf 78' lang='lat' dir='ltr'>collectionem</span> <span class='ocrx_word' id='word_1_96' title='bbox 819 1719 1156 1802; x_wconf 84' lang='lat' dir='ltr'>arehiepiscopiLaud</span> <span class='ocrx_word' id='word_1_97' title='bbox 1176 1719 1354 1802; x_wconf 84' lang='lat' dir='ltr'>complures</span> 
     </span>
     <span class='ocr_line' id='line_1_13' title="bbox 207 1822 1355 1910; baseline 0.003 -24"><span class='ocrx_word' id='word_1_98' title='bbox 207 1822 333 1888; x_wconf 89' lang='lat' dir='ltr'>eodioes</span> <span class='ocrx_word' id='word_1_99' title='bbox 365 1823 580 1900; x_wconf 83' lang='lat' dir='ltr'>Germanicos,</span> <span class='ocrx_word' id='word_1_100' title='bbox 613 1826 696 1890; x_wconf 90' lang='lat' dir='ltr'>iuter</span> <span class='ocrx_word' id='word_1_101' title='bbox 732 1845 812 1907; x_wconf 87' lang='lat' dir='ltr'>qnos</span> <span class='ocrx_word' id='word_1_102' title='bbox 849 1845 909 1890; x_wconf 93' lang='lat' dir='ltr'>uou</span> <span class='ocrx_word' id='word_1_103' title='bbox 946 1827 1050 1891; x_wconf 87' lang='lat' dir='ltr'>solum</span> <span class='ocrx_word' id='word_1_104' title='bbox 1082 1826 1288 1910; x_wconf 85' lang='lat' dir='ltr'>Mogontinos</span> <span class='ocrx_word' id='word_1_105' title='bbox 1323 1830 1355 1890; x_wconf 90' lang='lat' dir='ltr'>et</span> 
     </span>
    </p>
   </div>
   <div class='ocr_carea' id='block_1_5' title="bbox 82 1929 1353 2016">
    <p class='ocr_par' dir='ltr' id='par_1_5' title="bbox 82 1929 1353 2016">
     <span class='ocr_line' id='line_1_14' title="bbox 82 1929 1353 2016; baseline 0.005 -26"><span class='ocrx_word' id='word_1_106' title='bbox 82 1998 84 2002; x_wconf 52' lang='grc'>,</span> <span class='ocrx_word' id='word_1_107' title='bbox 206 1929 485 2016; x_wconf 86' lang='lat' dir='ltr'>Viroeburgenses‚</span> <span class='ocrx_word' id='word_1_108' title='bbox 519 1933 574 1996; x_wconf 89' lang='lat' dir='ltr'>sed</span> <span class='ocrx_word' id='word_1_109' title='bbox 612 1933 707 1996; x_wconf 89' lang='lat' dir='ltr'>etiam</span> <span class='ocrx_word' id='word_1_110' title='bbox 739 1933 1030 2012; x_wconf 85' lang='lat' dir='ltr'>Laurishamenses‚</span> <span class='ocrx_word' id='word_1_111' title='bbox 1063 1933 1198 1998; x_wconf 80' lang='lat' dir='ltr'>intrasse</span> <span class='ocrx_word' id='word_1_112' title='bbox 1234 1937 1353 2008; x_wconf 84' lang='lat' dir='ltr'>mouet,</span> 
     </span>
    </p>
   </div>
   <div class='ocr_carea' id='block_1_6' title="bbox 116 2036 1351 4264">
    <p class='ocr_par' dir='ltr' id='par_1_6' title="bbox 205 2036 1351 2237">
     <span class='ocr_line' id='line_1_15' title="bbox 206 2036 1351 2104; baseline 0.003 -5"><span class='ocrx_word' id='word_1_113' title='bbox 206 2036 261 2100; x_wconf 89' lang='lat' dir='ltr'>sed</span> <span class='ocrx_word' id='word_1_114' title='bbox 280 2037 374 2102; x_wconf 90' lang='lat' dir='ltr'>nimis</span> <span class='ocrx_word' id='word_1_115' title='bbox 394 2037 587 2103; x_wconf 81' lang='lat' dir='ltr'>confidenter</span> <span class='ocrx_word' id='word_1_116' title='bbox 604 2039 801 2104; x_wconf 88' lang='lat' dir='ltr'>Laudianum</span> <span class='ocrx_word' id='word_1_117' title='bbox 816 2039 908 2104; x_wconf 90' lang='lat' dir='ltr'>Miso.</span> <span class='ocrx_word' id='word_1_118' title='bbox 924 2040 989 2103; x_wconf 82' lang='grc'>276</span> <span class='ocrx_word' id='word_1_119' title='bbox 1004 2042 1041 2103; x_wconf 93' lang='lat' dir='ltr'>ut</span> <span class='ocrx_word' id='word_1_120' title='bbox 1054 2038 1351 2103; x_wconf 90' lang='lat' dir='ltr'>Laurishamensem</span> 
     </span>
     <span class='ocr_line' id='line_1_16' title="bbox 205 2145 821 2237; baseline 0.005 -31"><span class='ocrx_word' id='word_1_121' title='bbox 205 2145 270 2208; x_wconf 84' lang='grc'>512</span> <span class='ocrx_word' id='word_1_122' title='bbox 296 2146 450 2228; x_wconf 87' lang='lat' dir='ltr'>agnoseit.</span> <span class='ocrx_word' id='word_1_123' title='bbox 819 2233 821 2237; x_wconf 68' lang='lat'>,</span> 
     </span>
    </p>

    <p class='ocr_par' dir='ltr' id='par_1_7' title="bbox 116 2250 1351 4029">
     <span class='ocr_line' id='line_1_17' title="bbox 248 2250 1351 2337; baseline 0 -21"><span class='ocrx_word' id='word_1_124' title='bbox 248 2250 339 2316; x_wconf 81' lang='lat' dir='ltr'>Certe</span> <span class='ocrx_word' id='word_1_125' title='bbox 373 2253 458 2335; x_wconf 88' lang='lat' dir='ltr'>quod</span> <span class='ocrx_word' id='word_1_126' title='bbox 491 2253 529 2317; x_wconf 92' lang='lat' dir='ltr'>ad</span> <span class='ocrx_word' id='word_1_127' title='bbox 563 2256 697 2318; x_wconf 86' lang='lat' dir='ltr'>aetatem</span> <span class='ocrx_word' id='word_1_128' title='bbox 732 2252 855 2319; x_wconf 67' lang='lat' dir='ltr'>oodiois&#39;</span> <span class='ocrx_word' id='word_1_129' title='bbox 884 2253 1008 2331; x_wconf 79' lang='lat' dir='ltr'><em>attinet,</em></span> <span class='ocrx_word' id='word_1_130' title='bbox 1045 2253 1141 2318; x_wconf 89' lang='lat' dir='ltr'>huius</span> <span class='ocrx_word' id='word_1_131' title='bbox 1180 2252 1351 2337; x_wconf 82' lang='lat' dir='ltr'>agnitionis</span> 
     </span>
     <span class='ocr_line' id='line_1_18' title="bbox 204 2357 1351 2443; baseline 0.002 -23"><span class='ocrx_word' id='word_1_132' title='bbox 204 2357 374 2423; x_wconf 78' lang='lat' dir='ltr'>difficultas</span> <span class='ocrx_word' id='word_1_133' title='bbox 398 2360 486 2424; x_wconf 89' lang='lat' dir='ltr'>nulla</span> <span class='ocrx_word' id='word_1_134' title='bbox 505 2363 563 2426; x_wconf 87' lang='lat' dir='ltr'>est.</span> <span class='ocrx_word' id='word_1_135' title='bbox 582 2360 779 2424; x_wconf 90' lang='lat' dir='ltr'>Laudiauum</span> <span class='ocrx_word' id='word_1_136' title='bbox 799 2361 882 2424; x_wconf 91' lang='lat' dir='ltr'>euim</span> <span class='ocrx_word' id='word_1_137' title='bbox 901 2360 957 2425; x_wconf 91' lang='lat' dir='ltr'>illo</span> <span class='ocrx_word' id='word_1_138' title='bbox 978 2361 1120 2443; x_wconf 80' lang='lat' dir='ltr'>catalogo</span> <span class='ocrx_word' id='word_1_139' title='bbox 1142 2359 1351 2443; x_wconf 85' lang='lat' dir='ltr'>antiquiorem</span> 
     </span>
     <span class='ocr_line' id='line_1_19' title="bbox 204 2465 1351 2550; baseline 0 -22"><span class='ocrx_word' id='word_1_140' title='bbox 204 2483 273 2529; x_wconf 87' lang='lat' dir='ltr'>esse</span> <span class='ocrx_word' id='word_1_141' title='bbox 297 2485 335 2529; x_wconf 90' lang='lat' dir='ltr'>ue</span> <span class='ocrx_word' id='word_1_142' title='bbox 359 2485 417 2550; x_wconf 83' lang='lat' dir='ltr'>ego</span> <span class='ocrx_word' id='word_1_143' title='bbox 438 2467 565 2549; x_wconf 87' lang='lat' dir='ltr'>quidem</span> <span class='ocrx_word' id='word_1_144' title='bbox 585 2485 677 2550; x_wconf 85' lang='lat' dir='ltr'>nego,</span> <span class='ocrx_word' id='word_1_145' title='bbox 698 2487 888 2550; x_wconf 87' lang='lat' dir='ltr'>quamquam</span> <span class='ocrx_word' id='word_1_146' title='bbox 909 2467 1060 2532; x_wconf 88' lang='lat' dir='ltr'>Wilmart</span> <span class='ocrx_word' id='word_1_147' title='bbox 1079 2465 1179 2531; x_wconf 90' lang='lat' dir='ltr'>oodioi</span> <span class='ocrx_word' id='word_1_148' title='bbox 1199 2466 1351 2530; x_wconf 90' lang='lat' dir='ltr'>maiorem</span> 
     </span>
     <span class='ocr_line' id='line_1_20' title="bbox 203 2572 1350 2657; baseline 0 -23"><span class='ocrx_word' id='word_1_149' title='bbox 203 2572 427 2654; x_wconf 82' lang='lat' dir='ltr'>antiquitatem</span> <span class='ocrx_word' id='word_1_150' title='bbox 451 2573 610 2657; x_wconf 83' lang='lat' dir='ltr'>assignare</span> <span class='ocrx_word' id='word_1_151' title='bbox 638 2574 766 2638; x_wconf 91' lang='lat' dir='ltr'>uidetur</span> <span class='ocrx_word' id='word_1_152' title='bbox 793 2592 888 2656; x_wconf 90' lang='lat' dir='ltr'>quam</span> <span class='ocrx_word' id='word_1_153' title='bbox 913 2592 982 2657; x_wconf 82' lang='lat' dir='ltr'>ego,</span> <span class='ocrx_word' id='word_1_154' title='bbox 1007 2573 1062 2655; x_wconf 92' lang='lat' dir='ltr'>qui</span> <span class='ocrx_word' id='word_1_155' title='bbox 1091 2573 1243 2637; x_wconf 87' lang='lat' dir='ltr'>editorem</span> <span class='ocrx_word' id='word_1_156' title='bbox 1268 2574 1350 2636; x_wconf 84' lang='lat' dir='ltr'>oeta-</span> 
     </span>
     <span class='ocr_line' id='line_1_21' title="bbox 202 2677 1350 2761; baseline -0.001 -20"><span class='ocrx_word' id='word_1_157' title='bbox 202 2679 268 2761; x_wconf 80' lang='lat' dir='ltr'>logi</span> <span class='ocrx_word' id='word_1_158' title='bbox 296 2679 506 2745; x_wconf 80' lang='lat' dir='ltr'>bibliothecae</span> <span class='ocrx_word' id='word_1_159' title='bbox 533 2681 756 2761; x_wconf 78' lang='lat' dir='ltr'>Bodleiauae1)</span> <span class='ocrx_word' id='word_1_160' title='bbox 780 2681 976 2744; x_wconf 87' lang='lat' dir='ltr'>Laudianum</span> <span class='ocrx_word' id='word_1_161' title='bbox 1005 2680 1132 2744; x_wconf 85' lang='lat' dir='ltr'>saeculo</span> <span class='ocrx_word' id='word_1_162' title='bbox 1155 2679 1201 2742; x_wconf 90' lang='lat' dir='ltr'>XI</span> <span class='ocrx_word' id='word_1_163' title='bbox 1227 2677 1350 2742; x_wconf 89' lang='lat' dir='ltr'>ineunti</span> 
     </span>
     <span class='ocr_line' id='line_1_22' title="bbox 203 2785 1349 2870; baseline -0.002 -21"><span class='ocrx_word' id='word_1_164' title='bbox 203 2785 427 2850; x_wconf 88' lang='lat' dir='ltr'>attribuentem</span> <span class='ocrx_word' id='word_1_165' title='bbox 456 2806 577 2852; x_wconf 88' lang='lat' dir='ltr'>errasse</span> <span class='ocrx_word' id='word_1_166' title='bbox 605 2788 733 2870; x_wconf 90' lang='lat' dir='ltr'>quidem</span> <span class='ocrx_word' id='word_1_167' title='bbox 761 2792 872 2869; x_wconf 91' lang='lat' dir='ltr'>putem</span> <span class='ocrx_word' id='word_1_168' title='bbox 900 2805 956 2850; x_wconf 87' lang='lat' dir='ltr'>nee</span> <span class='ocrx_word' id='word_1_169' title='bbox 984 2806 1060 2850; x_wconf 89' lang='lat' dir='ltr'>uero</span> <span class='ocrx_word' id='word_1_170' title='bbox 1088 2805 1144 2868; x_wconf 87' lang='lat' dir='ltr'>per</span> <span class='ocrx_word' id='word_1_171' title='bbox 1166 2785 1349 2867; x_wconf 88' lang='lat' dir='ltr'>typothetae</span> 
     </span>
     <span class='ocr_line' id='line_1_23' title="bbox 203 2891 1350 2976; baseline -0.002 -22"><span class='ocrx_word' id='word_1_172' title='bbox 203 2911 337 2956; x_wconf 91' lang='lat' dir='ltr'>errorem</span> <span class='ocrx_word' id='word_1_173' title='bbox 360 2913 526 2957; x_wconf 91' lang='lat' dir='ltr'>numerum</span> <span class='ocrx_word' id='word_1_174' title='bbox 552 2892 612 2956; x_wconf 89' lang='lat' dir='ltr'>XI</span> <span class='ocrx_word' id='word_1_175' title='bbox 624 2913 680 2976; x_wconf 94' lang='lat' dir='ltr'>pro</span> <span class='ocrx_word' id='word_1_176' title='bbox 699 2893 757 2958; x_wconf 92' lang='lat' dir='ltr'>IX</span> <span class='ocrx_word' id='word_1_177' title='bbox 778 2894 843 2976; x_wconf 87' lang='lat' dir='ltr'>legi</span> <span class='ocrx_word' id='word_1_178' title='bbox 867 2892 1048 2956; x_wconf 90' lang='lat' dir='ltr'>Wilmartio</span> <span class='ocrx_word' id='word_1_179' title='bbox 1074 2891 1253 2955; x_wconf 87' lang='lat' dir='ltr'>oonoedam.</span> <span class='ocrx_word' id='word_1_180' title='bbox 1274 2893 1350 2954; x_wconf 92' lang='lat' dir='ltr'>suut</span> 
     </span>
     <span class='ocr_line' id='line_1_24' title="bbox 202 2997 1349 3087; baseline -0.002 -25"><span class='ocrx_word' id='word_1_181' title='bbox 202 2999 285 3062; x_wconf 91' lang='lat' dir='ltr'>enim</span> <span class='ocrx_word' id='word_1_182' title='bbox 309 3004 395 3064; x_wconf 89' lang='lat' dir='ltr'>oerta</span> <span class='ocrx_word' id='word_1_183' title='bbox 419 3001 572 3082; x_wconf 88' lang='lat' dir='ltr'>quaedem</span> <span class='ocrx_word' id='word_1_184' title='bbox 595 3001 744 3084; x_wconf 83' lang='lat' dir='ltr'>uestigia,</span> <span class='ocrx_word' id='word_1_185' title='bbox 769 3001 886 3084; x_wconf 91' lang='lat' dir='ltr'>quibus</span> <span class='ocrx_word' id='word_1_186' title='bbox 912 2999 1052 3065; x_wconf 83' lang='lat' dir='ltr'>codicem</span> <span class='ocrx_word' id='word_1_187' title='bbox 1077 3001 1149 3062; x_wconf 88' lang='lat' dir='ltr'>ante</span> <span class='ocrx_word' id='word_1_188' title='bbox 1168 2997 1262 3061; x_wconf 90' lang='lat' dir='ltr'>finem</span> <span class='ocrx_word' id='word_1_189' title='bbox 1282 3015 1349 3087; x_wconf 82' lang='lat' dir='ltr'>sae-</span> 
     </span>
     <span class='ocr_line' id='line_1_25' title="bbox 202 3105 1346 3191; baseline -0.003 -21"><span class='ocrx_word' id='word_1_190' title='bbox 202 3107 265 3170; x_wconf 85' lang='grc'>6611</span> <span class='ocrx_word' id='word_1_191' title='bbox 283 3107 328 3171; x_wconf 90' lang='lat' dir='ltr'>IX</span> <span class='ocrx_word' id='word_1_192' title='bbox 349 3111 509 3172; x_wconf 88' lang='lat' dir='ltr'>exaratum</span> <span class='ocrx_word' id='word_1_193' title='bbox 534 3127 604 3172; x_wconf 89' lang='lat' dir='ltr'>esse</span> <span class='ocrx_word' id='word_1_194' title='bbox 627 3113 738 3191; x_wconf 90' lang='lat' dir='ltr'>putare</span> <span class='ocrx_word' id='word_1_195' title='bbox 761 3111 922 3191; x_wconf 87' lang='lat' dir='ltr'>uetamur;</span> <span class='ocrx_word' id='word_1_196' title='bbox 943 3106 1019 3188; x_wconf 90' lang='lat' dir='ltr'>quin</span> <span class='ocrx_word' id='word_1_197' title='bbox 1039 3105 1135 3170; x_wconf 87' lang='lat' dir='ltr'>etiem</span> <span class='ocrx_word' id='word_1_198' title='bbox 1155 3105 1209 3186; x_wconf 89' lang='lat' dir='ltr'>qui</span> <span class='ocrx_word' id='word_1_199' title='bbox 1228 3105 1346 3168; x_wconf 89' lang='lat' dir='ltr'>librum</span> 
     </span>
     <span class='ocr_line' id='line_1_26' title="bbox 200 3210 1349 3297; baseline -0.003 -21"><span class='ocrx_word' id='word_1_200' title='bbox 200 3213 290 3280; x_wconf 92' lang='lat' dir='ltr'>initio</span> <span class='ocrx_word' id='word_1_201' title='bbox 323 3214 443 3280; x_wconf 81' lang='lat' dir='ltr'>saeculi</span> <span class='ocrx_word' id='word_1_202' title='bbox 466 3215 495 3280; x_wconf 91' lang='lat' dir='ltr'>X</span> <span class='ocrx_word' id='word_1_203' title='bbox 520 3215 674 3297; x_wconf 87' lang='lat' dir='ltr'>seriptum</span> <span class='ocrx_word' id='word_1_204' title='bbox 708 3234 777 3281; x_wconf 89' lang='lat' dir='ltr'>esse</span> <span class='ocrx_word' id='word_1_205' title='bbox 810 3214 1015 3293; x_wconf 77' lang='lat' dir='ltr'>contenderit,</span> <span class='ocrx_word' id='word_1_206' title='bbox 1049 3213 1101 3276; x_wconf 91' lang='lat' dir='ltr'>uix</span> <span class='ocrx_word' id='word_1_207' title='bbox 1134 3230 1185 3275; x_wconf 90' lang='lat' dir='ltr'>me</span> <span class='ocrx_word' id='word_1_208' title='bbox 1218 3210 1349 3274; x_wconf 84' lang='lat' dir='ltr'>habebit</span> 
     </span>
     <span class='ocr_line' id='line_1_27' title="bbox 200 3320 1347 3400; baseline -0.004 -15"><span class='ocrx_word' id='word_1_209' title='bbox 200 3321 427 3386; x_wconf 87' lang='lat' dir='ltr'>aduersarium.</span> <span class='ocrx_word' id='word_1_210' title='bbox 449 3325 586 3387; x_wconf 84' lang='lat' dir='ltr'>ueterum</span> <span class='ocrx_word' id='word_1_211' title='bbox 607 3323 645 3387; x_wconf 91' lang='lat' dir='ltr'>de</span> <span class='ocrx_word' id='word_1_212' title='bbox 659 3323 718 3388; x_wconf 90' lang='lat' dir='ltr'>hae</span> <span class='ocrx_word' id='word_1_213' title='bbox 737 3343 770 3388; x_wconf 87' lang='lat' dir='ltr'>re</span> <span class='ocrx_word' id='word_1_214' title='bbox 789 3321 950 3386; x_wconf 87' lang='lat' dir='ltr'>iudicandi</span> <span class='ocrx_word' id='word_1_215' title='bbox 968 3320 1104 3384; x_wconf 86' lang='lat' dir='ltr'>taoultas</span> <span class='ocrx_word' id='word_1_216' title='bbox 1122 3337 1217 3400; x_wconf 92' lang='lat' dir='ltr'>penes</span> <span class='ocrx_word' id='word_1_217' title='bbox 1238 3335 1347 3381; x_wconf 90' lang='lat' dir='ltr'>omues</span> 
     </span>
     <span class='ocr_line' id='line_1_28' title="bbox 201 3418 1347 3511; baseline -0.003 -19"><span class='ocrx_word' id='word_1_218' title='bbox 201 3418 259 3506; x_wconf 86' lang='lat' dir='ltr'>est,</span> <span class='ocrx_word' id='word_1_219' title='bbox 293 3430 441 3510; x_wconf 86' lang='lat' dir='ltr'>quoniam</span> <span class='ocrx_word' id='word_1_220' title='bbox 474 3431 632 3511; x_wconf 79' lang='lat' dir='ltr'>specimen</span> <span class='ocrx_word' id='word_1_221' title='bbox 666 3429 784 3494; x_wconf 89' lang='lat' dir='ltr'>oodiois</span> <span class='ocrx_word' id='word_1_222' title='bbox 812 3431 894 3493; x_wconf 89' lang='lat' dir='ltr'>lueis</span> <span class='ocrx_word' id='word_1_223' title='bbox 923 3447 981 3510; x_wconf 89' lang='lat' dir='ltr'>ope</span> <span class='ocrx_word' id='word_1_224' title='bbox 1010 3427 1171 3508; x_wconf 90' lang='lat' dir='ltr'>depiotum</span> <span class='ocrx_word' id='word_1_225' title='bbox 1198 3425 1263 3500; x_wconf 85' lang='lat' dir='ltr'>(fol.</span> <span class='ocrx_word' id='word_1_226' title='bbox 1300 3423 1347 3509; x_wconf 68' lang='grc' dir='ltr'>Γ)</span> 
     </span>
     <span class='ocr_line' id='line_1_29' title="bbox 201 3533 1345 3602; baseline -0.006 -2"><span class='ocrx_word' id='word_1_227' title='bbox 201 3536 350 3601; x_wconf 88' lang='lat' dir='ltr'>Wilmart</span> <span class='ocrx_word' id='word_1_228' title='bbox 368 3536 627 3602; x_wconf 76' lang='lat' dir='ltr'>commentationi</span> <span class='ocrx_word' id='word_1_229' title='bbox 647 3555 724 3600; x_wconf 87' lang='lat' dir='ltr'>suae</span> <span class='ocrx_word' id='word_1_230' title='bbox 745 3535 921 3599; x_wconf 87' lang='lat' dir='ltr'>addendum</span> <span class='ocrx_word' id='word_1_231' title='bbox 943 3534 1074 3598; x_wconf 83' lang='lat' dir='ltr'>curauit.</span> <span class='ocrx_word' id='word_1_232' title='bbox 1094 3533 1190 3596; x_wconf 90' lang='lat' dir='ltr'>etiam</span> <span class='ocrx_word' id='word_1_233' title='bbox 1210 3533 1345 3594; x_wconf 88' lang='lat' dir='ltr'>alterum</span> 
     </span>
     <span class='ocr_line' id='line_1_30' title="bbox 116 3637 1345 3725; baseline -0.007 -16"><span class='ocrx_word' id='word_1_234' title='bbox 116 3667 118 3671; x_wconf 52' lang='lat'><strong><em>¹</em></strong></span> <span class='ocrx_word' id='word_1_235' title='bbox 200 3644 342 3709; x_wconf 89' lang='lat' dir='ltr'>eodioem</span> <span class='ocrx_word' id='word_1_236' title='bbox 365 3662 517 3725; x_wconf 85' lang='lat' dir='ltr'>perquem</span> <span class='ocrx_word' id='word_1_237' title='bbox 536 3643 673 3708; x_wconf 88' lang='lat' dir='ltr'>similem</span> <span class='ocrx_word' id='word_1_238' title='bbox 693 3641 839 3706; x_wconf 87' lang='lat' dir='ltr'>Lauriaoi</span> <span class='ocrx_word' id='word_1_239' title='bbox 853 3641 1012 3705; x_wconf 83' lang='lat' dir='ltr'>exstitisse</span> <span class='ocrx_word' id='word_1_240' title='bbox 1032 3640 1143 3704; x_wconf 89' lang='lat' dir='ltr'>eodem</span> <span class='ocrx_word' id='word_1_241' title='bbox 1161 3637 1345 3702; x_wconf 85' lang='lat' dir='ltr'>monasterii</span> 
     </span>
     <span class='ocr_line' id='line_1_31' title="bbox 200 3743 1344 3835; baseline -0.007 -21"><span class='ocrx_word' id='word_1_242' title='bbox 200 3751 345 3835; x_wconf 82' lang='lat' dir='ltr'>catalogo</span> <span class='ocrx_word' id='word_1_243' title='bbox 366 3751 525 3829; x_wconf 83' lang='lat' dir='ltr'>doeemur,</span> <span class='ocrx_word' id='word_1_244' title='bbox 546 3752 584 3816; x_wconf 88' lang='grc'>61.</span> <span class='ocrx_word' id='word_1_245' title='bbox 603 3750 724 3814; x_wconf 82' lang='lat' dir='ltr'>Becker</span> <span class='ocrx_word' id='word_1_246' title='bbox 742 3771 772 3831; x_wconf 91' lang='lat' dir='ltr'>p.</span> <span class='ocrx_word' id='word_1_247' title='bbox 792 3750 855 3812; x_wconf 82' lang='lat'>108</span> <span class='ocrx_word' id='word_1_248' title='bbox 876 3745 975 3832; x_wconf 85' lang='lat' dir='ltr'><strong>(XLV</strong></span> <span class='ocrx_word' id='word_1_249' title='bbox 994 3766 1037 3810; x_wconf 95' lang='lat' dir='ltr'>nr.</span> <span class='ocrx_word' id='word_1_250' title='bbox 1057 3743 1152 3831; x_wconf 83' lang='lat'><strong>373):</strong></span> <span class='ocrx_word' id='word_1_251' title='bbox 1174 3743 1250 3809; x_wconf 84' lang='lat' dir='ltr'>liber</span> <span class='ocrx_word' id='word_1_252' title='bbox 1275 3743 1344 3806; x_wconf 84' lang='lat' dir='ltr'>Vte-</span> 
     </span>
     <span class='ocr_line' id='line_1_32' title="bbox 198 3853 1345 3937; baseline -0.006 -15"><span class='ocrx_word' id='word_1_253' title='bbox 198 3859 297 3922; x_wconf 82' lang='lat' dir='ltr'>tort&#39;nt</span> <span class='ocrx_word' id='word_1_254' title='bbox 332 3859 367 3922; x_wconf 83' lang='lat' dir='ltr'>in</span> <span class='ocrx_word' id='word_1_255' title='bbox 399 3858 586 3937; x_wconf 82' lang='lat' dir='ltr'>Leuitieum,</span> <span class='ocrx_word' id='word_1_256' title='bbox 623 3857 696 3920; x_wconf 71' lang='lat' dir='ltr'>tiore·</span> <span class='ocrx_word' id='word_1_257' title='bbox 729 3857 767 3920; x_wconf 89' lang='lat' dir='ltr'><strong><em>X</em></strong></span> <span class='ocrx_word' id='word_1_258' title='bbox 804 3855 950 3936; x_wconf 78' lang='lat' dir='ltr'>Grepom&#39;o&#39;</span> <span class='ocrx_word' id='word_1_259' title='bbox 982 3853 1182 3917; x_wconf 68' lang='lat' dir='ltr'>Nemausensi</span> <span class='ocrx_word' id='word_1_260' title='bbox 1215 3853 1249 3914; x_wconf 86' lang='lat' dir='ltr'>in</span> <span class='ocrx_word' id='word_1_261' title='bbox 1281 3871 1345 3915; x_wconf 76' lang='lat' dir='ltr'>douo</span> 
     </span>
     <span class='ocr_line' id='line_1_33' title="bbox 199 3965 309 4029; baseline -0.009 0"><span class='ocrx_word' id='word_1_262' title='bbox 199 3965 309 4029; x_wconf 81' lang='lat' dir='ltr'>codice.</span> 
     </span>
    </p>

    <p class='ocr_par' dir='ltr' id='par_1_8' title="bbox 198 4067 1343 4264">
     <span class='ocr_line' id='line_1_34' title="bbox 244 4067 1343 4151; baseline -0.009 -12"><span class='ocrx_word' id='word_1_263' title='bbox 244 4072 348 4139; x_wconf 81' lang='lat' dir='ltr'>Codex</span> <span class='ocrx_word' id='word_1_264' title='bbox 371 4073 551 4138; x_wconf 90' lang='lat' dir='ltr'>Laudiauus</span> <span class='ocrx_word' id='word_1_265' title='bbox 581 4073 619 4136; x_wconf 91' lang='lat' dir='ltr'>ab</span> <span class='ocrx_word' id='word_1_266' title='bbox 647 4091 709 4137; x_wconf 90' lang='lat' dir='ltr'>uno</span> <span class='ocrx_word' id='word_1_267' title='bbox 737 4071 864 4136; x_wconf 86' lang='lat' dir='ltr'>librario</span> <span class='ocrx_word' id='word_1_268' title='bbox 892 4069 1010 4134; x_wconf 87' lang='lat' dir='ltr'>litteris</span> <span class='ocrx_word' id='word_1_269' title='bbox 1038 4067 1148 4132; x_wconf 89' lang='lat' dir='ltr'>nitidis</span> <span class='ocrx_word' id='word_1_270' title='bbox 1173 4067 1343 4151; x_wconf 79' lang='lat' dir='ltr'>diligenter</span> 
     </span>
     <span class='ocr_line' id='line_1_35' title="bbox 198 4174 1341 4264; baseline -0.006 -20"><span class='ocrx_word' id='word_1_271' title='bbox 198 4181 337 4262; x_wconf 80' lang='lat' dir='ltr'>scriptus</span> <span class='ocrx_word' id='word_1_272' title='bbox 362 4184 418 4245; x_wconf 89' lang='lat' dir='ltr'>est.</span> <span class='ocrx_word' id='word_1_273' title='bbox 443 4199 521 4262; x_wconf 80' lang='lat' dir='ltr'>quae</span> <span class='ocrx_word' id='word_1_274' title='bbox 546 4179 711 4264; x_wconf 83' lang='lat' dir='ltr'>diligentia</span> <span class='ocrx_word' id='word_1_275' title='bbox 734 4179 828 4244; x_wconf 88' lang='lat' dir='ltr'>etiam</span> <span class='ocrx_word' id='word_1_276' title='bbox 851 4178 924 4242; x_wconf 90' lang='lat' dir='ltr'>inde</span> <span class='ocrx_word' id='word_1_277' title='bbox 949 4176 1159 4260; x_wconf 85' lang='lat' dir='ltr'>eognosoitur,</span> <span class='ocrx_word' id='word_1_278' title='bbox 1180 4174 1265 4258; x_wconf 88' lang='lat' dir='ltr'>quod</span> <span class='ocrx_word' id='word_1_279' title='bbox 1288 4192 1341 4237; x_wconf 90' lang='lat' dir='ltr'>uo·</span> 
     </span>
    </p>
   </div>
   <div class='ocr_carea' id='block_1_7' title="bbox 243 4347 1215 4442">
    <p class='ocr_par' dir='ltr' id='par_1_9' title="bbox 243 4347 1215 4442">
     <span class='ocr_line' id='line_1_36' title="bbox 243 4347 1215 4442; baseline -0.01 -14"><span class='ocrx_word' id='word_1_280' title='bbox 243 4373 261 4440; x_wconf 64' lang='lat'>1)</span> <span class='ocrx_word' id='word_1_281' title='bbox 281 4375 314 4428; x_wconf 87' lang='lat' dir='ltr'>u.</span> <span class='ocrx_word' id='word_1_282' title='bbox 335 4373 367 4430; x_wconf 88' lang='lat' dir='ltr'>o.</span> <span class='ocrx_word' id='word_1_283' title='bbox 388 4371 580 4442; x_wconf 63' lang='grc'>66666616.</span> <span class='ocrx_word' id='word_1_284' title='bbox 599 4373 722 4427; x_wconf 70' lang='lat' dir='ltr'>cottam</span> <span class='ocrx_word' id='word_1_285' title='bbox 740 4387 814 4425; x_wconf 77' lang='lat' dir='ltr'>mae.</span> <span class='ocrx_word' id='word_1_286' title='bbox 835 4370 898 4424; x_wconf 78' lang='lat' dir='ltr'>otoo.</span> <span class='ocrx_word' id='word_1_287' title='bbox 917 4347 1091 4423; x_wconf 69' lang='lat' dir='ltr'>matthatae</span> <span class='ocrx_word' id='word_1_288' title='bbox 1109 4367 1136 4420; x_wconf 89' lang='lat'>11</span> <span class='ocrx_word' id='word_1_289' title='bbox 1154 4366 1215 4419; x_wconf 81' lang='lat' dir='ltr'>aas.</span> 
     </span>
    </p>
   </div>
   <div class='ocr_carea' id='block_1_8' title="bbox 0 0 1606 4996">
    <p class='ocr_par' dir='ltr' id='par_1_10' title="bbox 0 0 1606 4996">
     <span class='ocr_line' id='line_1_37' title="bbox 0 0 1606 4996; baseline 0 6"><span class='ocrx_word' id='word_1_290' title='bbox 0 0 1606 4996; x_wconf 95' lang='lat' dir='ltr'> </span> 
     </span>
    </p>
   </div>
  </div>
 </body>
</html>
