3228 4978
265 353 331 414 224
784 346 899 400 Rufini

266 544 372 628 anguli
414 545 511 608 fuerit
546 544 731 626 intenupta,
775 542 922 608 continuo
960 561 1015 624 per
1052 543 1195 625 singulos
1232 543 1410 626 inrepentes

266 652 367 716 omnis
390 650 534 716 introibit
557 654 650 732 atque
675 650 784 714 urbem
810 649 965 714 obtinebit
989 649 1152 716 exereitus.

312 760 363 824 14.
398 757 482 824 Satis
515 757 638 833 idoneo,
672 760 709 820 ut
741 757 859 839 opinor,
893 756 932 820 ad
965 757 1205 821 unanimitatem
1237 759 1269 824 et
1300 775 1411 839 paoem

265 864 457 950 diligendam
492 870 524 928 et
552 863 766 928 dissensiones
795 883 830 927 oo
859 863 991 928 discidia
1019 863 1169 948 fugienda
1191 863 1414 928 huiuscemodi

264 990 474 1054 prouooamur·
492 971 644 1054 exemplo,
665 989 737 1034 oum
756 970 867 1053 utique
887 971 989 1035 omnis
1008 971 1121 1047 enimn,
1141 989 1221 1053 quae
1238 969 1412 1052 imaginem
1446 993 1458 1033 e

265 1079 296 1142 in
321 1097 355 1142 se
380 1076 430 1142 dei
453 1079 544 1161 gerit,
568 1077 746 1142 imitatione
771 1077 884 1141 debeat
908 1077 1046 1160 gaudere
1069 1076 1186 1155 diuina,
1212 1079 1249 1140 ut
1267 1076 1414 1141 nobilite-

265 1191 330 1249 tem
351 1184 474 1268 generis
495 1184 545 1248 sui
565 1203 599 1248 er
619 1184 678 1248 hoo
697 1185 831 1248 maxime
851 1184 1007 1262 ostendat,
1033 1184 1108 1248 dum
1129 1183 1166 1248 de
1186 1183 1332 1266 supernis
1351 1186 1414 1247 tro·

265 1293 313 1355 hit
340 1291 482 1373 exempla
509 1289 639 1355 uiuendi
667 1294 699 1355 et
722 1290 762 1354 ad
786 1290 1027 1355 similitudinem
1052 1310 1086 1356 se
1111 1290 1259 1356 eoelestis
1283 1309 1415 1355 oenum·-

222 1439 235 1456 2
266 1398 398 1463 sationis
430 1396 580 1462 instituit.
613 1399 680 1461 tum
715 1396 826 1462 deinde
858 1398 1066 1479 respiciamus
1099 1397 1194 1462 etiam
1227 1398 1260 1461 in
1289 1398 1412 1462 eaelum

265 1523 390 1570 sursum
432 1508 466 1568 et
505 1503 536 1568 in
578 1505 694 1568 terrem
736 1503 882 1569 deorsum
925 1503 1097 1568 seeundum
1135 1503 1413 1568 commonitionem
1434 1526 1459 1569 ro

266 1611 405 1676 diuinam
426 1614 459 1676 et
476 1610 711 1676 consideremus
730 1610 831 1676 totius
851 1615 1010 1674 creaturae
1029 1610 1299 1675 foederatissimos
1314 1613 1414 1694 leges,

266 1718 413 1800 quoniam
442 1718 566 1782 eaelum
595 1719 626 1780 ot
653 1720 735 1782 tona
763 1737 799 1782 ao
827 1736 911 1782 mere
940 1720 1035 1800 etque
1064 1718 1166 1782 omnis
1188 1719 1250 1782 iste
1274 1717 1415 1782 mundus

265 1826 443 1906 onnotaque
472 1823 522 1888 dei
550 1824 706 1888 elementa
727 1823 906 1908 magnifica,
933 1843 989 1906 per
1012 1842 1092 1906 quae
1116 1824 1211 1888 etiem
1236 1823 1286 1887 dei
1309 1825 1415 1889 uirtus

264 1931 361 1996 taoite
388 1931 598 2014 praedicatur,
627 1930 725 1994 donee
752 1932 834 1994 inter
862 1949 896 1994 se
923 1931 955 1994 in
984 1949 1060 2012 paee
1089 1933 1164 1994 sunt
1191 1933 1224 1994 et
1251 1930 1358 2012 quiete
1383 1933 1415 1994 et

264 2037 407 2120 proprios
435 2039 564 2102 naturae
591 2056 668 2102 snae
696 2038 848 2101 terminos
877 2040 1005 2102 seruant
1032 2055 1089 2101 neo
1119 2056 1218 2100 unum
1242 2036 1412 2100 aduersum
1432 2061 1458 2102 m

266 2145 400 2208 alterum
428 2145 596 2228 insurgens
622 2146 761 2208 statutae
785 2144 872 2228 pacis
897 2144 1024 2209 uincula
1048 2143 1207 2218 dissoluit,
1236 2143 1354 2224 quibus
1379 2162 1415 2208 ea

266 2250 369 2333 opifer
402 2250 541 2314 omnium
571 2270 674 2316 sermo
704 2251 754 2315 dei
781 2251 899 2333 primae
928 2250 1119 2316 conditionis
1147 2249 1274 2334 legibus
1303 2250 1414 2328 uinxit,

266 2357 331 2418 stat
363 2354 500 2418 mundus
534 2358 565 2419 et
596 2355 833 2438 pulchritudine
865 2355 917 2420 sui
947 2375 984 2420 ae
1012 2355 1123 2420 deoore
1150 2355 1330 2440 praefulget
1356 2375 1415 2420 nee

266 2461 435 2544 quiequam
459 2461 546 2525 aliud
570 2462 690 2544 exquiri
712 2465 829 2543 potest,
854 2462 938 2544 quod
962 2462 1121 2541 splendori
1145 2463 1213 2528 eius
1238 2467 1270 2528 et
1293 2463 1414 2546 gratiae

219 2580 235 2632 3
265 2567 397 2632 conferri
421 2573 477 2634 aut
499 2570 663 2650 exaequari
689 2573 793 2650 queat.
818 2569 915 2634 simul
938 2579 1046 2634 antem
1065 2573 1102 2635 nt
1121 2589 1138 2633 a
1157 2589 1234 2652 paee
1254 2576 1287 2634 et
1306 2571 1458 2652 quietem

266 2675 433 2755 destiterit,
465 2675 610 2758 protinus
643 2676 738 2740 etiam
772 2675 909 2742 mundus
942 2696 1012 2742 esse
1040 2677 1175 2741 desistet
1202 2697 1258 2741 neo
1287 2678 1350 2742 elia
1378 2698 1413 2742 er

265 2802 361 2847 eausa
389 2801 483 2864 quam
507 2782 558 2847 sui
581 2782 776 2846 dissensione
800 2802 836 2846 ao
860 2783 984 2866 propria
1007 2783 1234 2849 elementorum
1259 2785 1414 2849 seditione

354 2976 371 3028 9
390 2973 424 3028 of.
444 2975 515 3028 Esai.
536 2976 578 3044 51,
599 2975 614 3026 6

305 3099 315 3149 l
337 3097 428 3166 angeli
446 3100 474 3163 (u
494 3112 515 3150 s.
536 3099 560 3163 e)
579 3097 606 3151 R
679 3098 833 3166 inrepentes
852 3100 882 3165 (-
901 3099 914 3152 l
933 3101 1011 3167 pens)
1025 3099 1053 3153 R
1071 3098 1251 3168 irrumpentes
1265 3100 1293 3152 A
1311 3100 1413 3152 inrum-

266 3187 410 3255 pentesV
481 3187 697 3255 2optinebit0
772 3188 932 3241 3idoneum
955 3186 1067 3255 omae.
1149 3189 1367 3250 unianimitatem
1387 3188 1414 3243 R

266 3275 398 3327 unitatem
418 3283 443 3326 A
538 3279 555 3328 4
575 3274 746 3344 diligentiam
767 3281 794 3329 et
814 3262 990 3330 dissensionis
1010 3295 1040 3344 ap
1059 3277 1086 3330 R
1211 3277 1368 3331 huiusmodi
1387 3279 1414 3331 A

266 3363 424 3431 berempla
447 3363 472 3416 V
524 3363 766 3434 fostendit(ae.
786 3366 852 3428 ilo
916 3364 948 3418 de
968 3381 1019 3419 om.
1039 3368 1065 3418 A
1125 3365 1218 3430 trahet
1236 3367 1270 3435 (it
1288 3383 1309 3420 s.
1329 3370 1368 3434 sil
1388 3367 1415 3420 R

267 3452 282 3506 9
297 3452 325 3504 in
341 3451 507 3505 eaelum-in
522 3454 562 3519 (in
572 3470 593 3506 e.
605 3453 633 3520 l.)
647 3457 746 3507 terrem
763 3453 811 3522 (εἰς
825 3456 867 3506 τὸν
883 3454 1067 3524 οὐρανόν-εἰς
1082 3456 1130 3526 τὴν
1144 3459 1205 3528 γῆν)
1219 3456 1246 3511 R
1260 3457 1287 3510 in
1304 3457 1414 3510 caelo-

266 3541 294 3594 in
313 3545 476 3595 beneseto
516 3543 548 3595 10
566 3559 761 3612 -orsum—pon
775 3561 806 3612 p.
822 3548 892 3611 226,
908 3547 948 3596 23
963 3545 1056 3598 om.A
1094 3545 1127 3598 12
1146 3544 1274 3598 terrasO
1329 3547 1414 3599 omnir

267 3633 290 3694 (s
309 3646 330 3683 s.
352 3630 426 3696 ron
482 3631 534 3684 iste
553 3647 604 3686 om.
629 3632 654 3683 V
711 3632 855 3686 asmundus
874 3636 914 3700 (te
933 3633 1065 3703 erae.)V
1118 3633 1416 3702 normannnis

266 3735 314 3787 per
333 3721 364 3782 (s.
385 3720 413 3783 l.)
435 3736 504 3787 quae
524 3721 615 3789 perO
669 3721 755 3774 uirtus
776 3721 865 3775 deiO
908 3723 939 3775 15
958 3722 1067 3802 proprie
1086 3722 1245 3777 naturan
1284 3724 1316 3777 16
1335 3725 1414 3777 iusti·
1476 3733 1478 3736 '

266 3810 343 3861 tutae
365 3809 402 3861 Co
497 3809 587 3862 uincla
605 3809 632 3864 R
716 3812 747 3864 17
767 3811 895 3864 saeuinrit
914 3816 973 3866 leon
993 3811 1119 3877 erardi)
1203 3813 1234 3866 18
1253 3814 1341 3867 uerba
1360 3818 1416 3868 stat

266 3896 381 3949 mundus
404 3898 518 3952 Graecis
540 3898 632 3952 uerbis
658 3896 755 3972 κόσμος
779 3900 805 3952 re'
829 3899 907 3966 ἐστιν,
926 3902 1011 3971 ὥςπερ
1035 3901 1136 3971 λέγεται
1157 3903 1336 3970 responderet·
1360 3906 1416 3958 stat

268 3984 337 4037 idem
357 3987 431 4053 quod
448 3991 540 4040 manet
558 3988 698 4056 signifieat
717 3996 742 4043 et
760 3988 875 4044 mundus
895 3990 1088 4058 praedieoliue
1113 3991 1261 4046 adhibetur
1279 3993 1310 4045 in
1329 4009 1414 4046 enun-

269 4077 346 4139 tiore,
365 4074 445 4127 euius
461 4076 584 4129 subiecta
603 4077 652 4130 lin.
671 4080 707 4130 12
726 4078 838 4146 caelum,
860 4083 941 4140 terra.
966 4097 1047 4142 mare,
1071 4079 1196 4148 mundus,
1221 4081 1356 4134 elementa
1379 4081 1414 4134 le·

268 4166 372 4226 punirer
453 4164 517 4231 stet]
539 4165 616 4218 aeV
697 4165 905 4235 pulchritudinis
925 4185 972 4240 sup
993 4186 1023 4232 so
1043 4169 1138 4223 decore
1158 4169 1185 4224 R
1268 4186 1298 4223 ao
1317 4169 1416 4224 om.V

270 4247 302 4298 21
324 4246 480 4312 destituerit
498 4251 525 4304 1r
545 4251 676 4305 distiterit
697 4253 769 4307 Cae.
844 4254 952 4308 desistit
974 4255 1028 4309 OV
1046 4257 1155 4311 desistit
1174 4261 1201 4311 et
1222 4257 1259 4312 Co
