3214 4988
243 443 286 508 36
761 435 877 492 Rufini

243 635 412 716 conceptas
435 632 575 698 malitiae
598 632 715 698 formas
740 631 834 697 corde
853 629 1029 709 detrudere,
1053 633 1124 696 turn
1143 629 1255 696 deinde
1273 630 1394 696 bonitu-

243 741 285 806 tis
307 740 480 824 imaginem
503 739 662 805 uirtutum
686 739 765 805 ceris
790 738 987 804 uariantibus
1015 737 1194 815 reformare,
1223 741 1270 817 ut,
1300 756 1393 820 quam

242 849 362 914 multae
390 865 426 912 ae
459 846 602 913 diuersae
634 845 759 912 fueraut
788 846 822 910 in
855 844 959 910 anima
992 845 1114 928 speeies
1147 844 1391 927 deprecationis,

242 959 309 1019 tarn
331 956 452 1020 multae
476 954 541 1020 sint
564 956 596 1018 et
619 952 844 1018 rest'tutionis.
872 969 1008 1035 quorum
1032 951 1174 1018 omnium
1197 950 1331 1016 seientia
1358 969 1393 1016 ac

242 1061 410 1145 disciplina
436 1061 545 1146 uigere
573 1060 666 1126 debet
698 1058 783 1142 apud
814 1078 898 1138 eum,
931 1059 983 1124 cui
1016 1057 1191 1124 animarum
1223 1058 1391 1124 inst‘tuen-
1424 1077 1437 1118 a

242 1166 352 1231 darum
377 1186 452 1233 cura
479 1165 699 1232 committitur.
728 1183 764 1230 er
793 1164 908 1248 quibus
935 1183 993 1230 nos
1022 1184 1117 1248 quam
1145 1164 1284 1247 plurima
1310 1183 1392 1230 nuuc

242 1273 409 1340 breuitatis
432 1273 539 1340 studio
563 1271 858 1356 praetermittimus,

287 1382 340 1446 44.
374 1379 465 1446 Sicut
493 1381 576 1445 enim
604 1379 695 1444 uerbi
722 1379 834 1464 gratia,
868 1378 896 1445 si
922 1377 989 1444 fieri
1015 1382 1126 1462 posset
1153 1383 1190 1446 ut
1217 1397 1254 1444 er
1282 1378 1391 1444 multis

242 1487 433 1554 animalibus
457 1507 492 1554 ac
519 1485 664 1552 bestiolis
692 1504 805 1570 genere
834 1505 870 1552 ae
898 1487 1005 1569 speeie
1032 1486 1179 1563 diuersis,
1207 1485 1332 1570 magnis
1361 1488 1392 1550 et

242 1594 376 1679 exiguis,
403 1593 612 1661 ferocioribus
636 1597 668 1659 et
690 1592 882 1671 mitioribus,
911 1593 1124 1677 asperioribus
1148 1595 1180 1659 et
1206 1592 1391 1669 lenioribus,
1411 1609 1438 1653 ro

241 1720 340 1766 unum
368 1701 498 1784 aliquod
525 1701 642 1766 animal
668 1700 721 1765 uel
748 1699 852 1764 bestia
878 1719 942 1764 una
969 1703 1139 1779 constaret,
1171 1700 1249 1764 haec
1281 1700 1392 1782 utique

242 1806 282 1874 ad
304 1808 515 1894 mitigandum
541 1808 569 1872 si
592 1807 644 1873 cui
668 1807 857 1886 mederetur,
883 1811 1036 1890 quantum
1056 1808 1085 1872 ei
1102 1807 1271 1874 inmineret
1289 1807 1392 1891 operis

242 1913 430 1993 solaberis,
454 1915 607 1996 quantum
631 1912 700 1978 eius
723 1912 935 1996 requireretur
956 1912 1140 1991 industriae,
1164 1915 1202 1977 ut
1219 1913 1393 1997 uuicuique

241 2021 417 2086 bestiarum
445 2020 496 2085 uel
527 2019 721 2098 animalium,
754 2023 849 2101 prout
876 2038 945 2086 mos
979 2019 1076 2104 erigit
1108 2020 1309 2104 singulorum
1341 2019 1393 2084 uel

242 2131 336 2212 prout
358 2130 472 2194 natura
488 2126 603 2210 poscit,
627 2128 819 2191 occurreret!
845 2127 992 2209 quoniam
1014 2125 1142 2209 quidem
1161 2145 1263 2208 neque
1282 2127 1390 2192 eadem
1411 2145 1438 2190 re

242 2254 304 2300 uor
332 2237 406 2318 apte
438 2235 487 2299 est
519 2232 666 2300 omnibus
698 2253 800 2316 neque
834 2233 963 2313 eisdem,
996 2236 1034 2297 ut
1064 2234 1111 2299 ite
1142 2233 1256 2314 dicam,
1290 2233 1392 2300 sibilis

197 2349 214 2406 2
243 2343 391 2426 aguntur.
420 2340 477 2406 sed
504 2359 543 2404 ue
572 2339 662 2406 cibus
692 2340 821 2422 quidem
848 2340 972 2406 cunetis
1001 2359 1082 2406 uuus
1110 2343 1205 2424 atque
1232 2341 1317 2405 idem
1344 2344 1394 2408 est

242 2467 300 2514 nec
322 2446 471 2531 palpandi
494 2465 530 2512 ac
553 2447 682 2514 fouendi
704 2466 773 2514 mos
797 2466 881 2512 unus
901 2447 1091 2526 eribertus,
1115 2448 1162 2514 ita
1179 2451 1217 2514 ut
1233 2448 1392 2514 interdum

242 2555 368 2626 hisdem
390 2555 470 2638 ipsis
493 2554 609 2639 quibus
634 2555 822 2640 mitigantur
845 2556 925 2621 aliae
953 2555 992 2620 ad
1019 2556 1159 2620 furorem
1186 2555 1266 2621 aliae
1295 2554 1394 2621 susei-
1592 2571 1593 2662 q

241 2664 358 2728 tantur.
383 2662 499 2746 quibus
523 2681 598 2746 ergo
624 2681 657 2728 se
676 2662 781 2727 modis
801 2661 937 2746 singulis
957 2661 1137 2745 quibusque
1156 2661 1279 2728 bestiae
1296 2661 1392 2728 huius
1410 2679 1439 2724 ao

241 2769 296 2835 ille
320 2769 461 2835 eruditor
484 2769 627 2852 aptabit?
657 2767 816 2852 quomodo
840 2787 874 2834 se
899 2769 938 2834 ad
967 2768 1222 2852 uniuscuiusque
1249 2771 1393 2834 naturam

241 2879 336 2960 atque
363 2875 528 2960 ingenium
556 2875 793 2942 commodabit?
825 2893 926 2942 noune
953 2893 1083 2941 necesse
1112 2875 1171 2940 erit
1204 2893 1287 2955 eum,
1320 2895 1393 2941 cum

242 2983 286 3049 sit
309 2983 392 3066 apud
416 2982 648 3066 semetipsum
673 2983 807 3064 simplex
830 2984 863 3046 et
891 2984 1050 3061 constans,
1078 2985 1145 3046 tom
1172 2981 1241 3048 fieri
1267 2982 1392 3048 uarium

242 3092 275 3154 et
305 3092 370 3156 tam
402 3089 435 3154 in
468 3088 594 3154 diuersa
625 3089 813 3154 mutabilem
846 3107 940 3172 quam
976 3088 1082 3170 poscit
1116 3087 1188 3170 ipsa
1224 3087 1393 3154 diuersitas

242 3197 427 3272 bestiarum,
465 3199 502 3263 ut
533 3196 783 3280 unumquodque
816 3197 933 3262 animal
964 3215 1020 3279 pro
1052 3199 1182 3261 naturae
1215 3199 1247 3260 et
1274 3195 1394 3280 ingenii
1410 3209 1437 3257 ar

241 3302 293 3368 sui
317 3303 532 3385 oportunitate
557 3307 693 3382 curetur,
723 3323 785 3387 quo
808 3304 913 3387 possit
939 3303 1040 3371 totius
1067 3303 1189 3370 bestiae
1217 3320 1330 3386 eorpus
1358 3321 1394 3368 er

241 3412 330 3475 tanta
353 3410 538 3475 diuersitate
569 3411 772 3495 conpositum
798 3413 884 3476 recte
910 3410 992 3475 inter
1020 3427 1053 3476 se
1080 3409 1220 3475 inuicem
1247 3408 1393 3476 bestiolis

196 3532 214 3584 3
240 3516 412 3582 moderatis
435 3516 467 3581 in
498 3535 575 3602 pace
604 3535 639 3582 ae
667 3516 899 3598 tranquillitate
927 3516 1116 3599 persistere?
1145 3516 1192 3583 ita
1219 3533 1254 3580 er
1281 3515 1392 3580 multis

241 3643 278 3690 ac
310 3624 446 3690 diuersis
480 3627 512 3688 et
543 3623 686 3690 moribus
720 3627 751 3688 et
786 3622 905 3708 linguis
943 3625 975 3687 et
1010 3621 1265 3688 institutionibus
1302 3621 1394 3687 uelut

277 3901 1407 3975 dmmmcmmmmmlmfflmVQw

241 3994 324 4048 siro
429 3992 534 4061 nuel]
556 3995 618 4046 etc
724 3991 758 4045 12
777 3990 962 4062 mitigandum
980 3991 1016 4060 (ti
1033 4006 1055 4048 e.
1076 3993 1105 4060 t.)
1123 3991 1151 4048 R
1251 3990 1284 4044 14
1303 3991 1392 4061 exiget

242 4082 417 4152 fflefflR
509 4079 1017 4152 lwmmffifflamame
1125 4069 1445 4152 mmmmmn'

241 4188 328 4244 nequo
348 4172 376 4227 R
450 4170 481 4226 17
501 4186 586 4225 nece
671 4169 745 4234 tibus
764 4174 789 4239 (c
807 4188 829 4226 e.
848 4170 916 4238 t)O
1000 4171 1103 4226 cunctis
1122 4187 1207 4227 omo
1280 4169 1313 4224 18
1332 4170 1401 4239 necl'

242 4264 271 4316 et
288 4261 317 4318 R
391 4260 424 4316 19
442 4260 530 4316 isdem
551 4259 590 4316 Oc
609 4259 761 4324 hisdemO
832 4259 1009 4316 alii-aliiO
1081 4261 1116 4315 22
1134 4261 1232 4331 nonne]
1250 4276 1303 4314 uon
1326 4258 1392 4316 OVe

242 4348 1103 4422 mmmthwmmffifflmmfflw
