3214 4988
262 395 304 457 70
780 388 898 444 Rufini

261 585 424 650 incensum
450 583 558 649 altaris
588 585 779 662 obtulerant,
807 603 863 666 pro
892 585 951 650 hoo
981 586 1047 650 solo
1076 588 1307 650 consumuntur·
1333 585 1407 670 igni,

262 694 294 756 et
318 691 451 755 eundem
476 710 573 773 paene
601 693 707 758 locum
736 709 855 776 poenae
883 695 915 756 et
941 692 1089 757 interitus
1118 711 1211 774 quem
1241 692 1351 773 culpae
1379 696 1411 756 et

260 797 423 880 inpietatis
447 799 593 864 habuere.
618 803 651 863 et
673 818 712 862 no
735 799 838 862 Aaron
863 799 989 881 quidem
1008 799 1141 864 idoneus
1160 799 1199 864 ad
1217 799 1410 864 interceden-

261 904 335 968 dum
365 904 437 981 luit,
468 924 540 970 cum
568 905 680 988 utique
709 908 797 988 pater
825 910 910 971 esset
938 909 970 970 et
998 907 1156 972 secundus
1184 909 1258 988 post
1280 907 1410 989 Moysen

262 1009 319 1074 deo
344 1010 461 1075 honore
486 1011 655 1076 sacerdotii
678 1011 911 1095 propinquaret.
935 1011 1010 1076 Heli
1033 1031 1159 1095 quoque
1184 1011 1332 1076 sacerdos
1355 1031 1411 1094 pro
1445 1033 1458 1073 5

261 1117 398 1182 filiorum
422 1117 589 1200 iniquitate
615 1117 788 1189 damnatur.
817 1117 901 1200 quod
924 1137 979 1184 eos
1004 1119 1111 1183 diuina
1134 1117 1289 1184 sacrificia
1316 1121 1411 1183 teme·

217 1231 234 1285 2
261 1226 366 1287 rantes
394 1223 499 1288 minos
529 1243 640 1288 seuera
672 1224 943 1290 animaduersione
974 1225 1143 1306 plectebat.
1175 1224 1330 1290 miserum
1361 1243 1411 1288 me

263 1332 295 1393 et
324 1329 452 1410 quidem
486 1331 649 1395 cohercuit
686 1334 717 1394 et
753 1330 881 1413 quidem
919 1332 1081 1414 corripuit,
1120 1332 1176 1396 sed
1212 1332 1343 1396 lenitate
1381 1337 1413 1393 et

262 1438 504 1502 mansuetudine
530 1439 641 1520 patris,
674 1457 735 1504 non
763 1439 933 1504 seueritate
962 1441 994 1504 et
1021 1440 1211 1505 anctoritate
1243 1438 1412 1521 pontificis.

263 1541 340 1624 quid
373 1540 437 1607 Ona
468 1544 533 1622 illc,
568 1544 622 1627 qui
655 1562 758 1609 arcam
790 1545 974 1610 testamenti
1007 1545 1134 1621 domini,
1174 1565 1246 1610 cum
1279 1547 1413 1610 iuuenca
1432 1566 1459 1607 ro

263 1649 348 1713 fetus
371 1650 528 1732 inpatiens
553 1650 664 1714 directi
685 1649 799 1715 limitis
824 1650 958 1716 orbitarn
978 1651 1181 1730 declinasset,
1204 1652 1413 1732 iamiamque

263 1754 423 1837 lapsuram
447 1776 542 1821 manu
566 1757 677 1821 sedula
696 1775 732 1820 ao
752 1757 890 1823 sollicita
908 1761 1132 1835 sustentasset,
1156 1776 1256 1822 nonne
1275 1762 1412 1822 tantum-

263 1861 358 1926 modo
382 1881 437 1944 pro
460 1863 531 1940 hoc,
561 1863 645 1944 quod
674 1865 782 1927 saneta
809 1863 968 1947 tetigerat,
997 1884 1015 1928 a
1042 1865 1099 1930 deo
1127 1867 1229 1929 morte
1257 1865 1412 1928 multatus

266 1971 336 2034 est?

309 2075 360 2138 94.
376 2074 449 2140 Soio
464 2093 523 2158 ego
539 2094 577 2140 ne
592 2075 730 2158 corporis
746 2077 874 2157 quidem
889 2078 1028 2142 mucules
1043 2078 1075 2141 in
1091 2076 1311 2142 sacerdotibus
1327 2095 1411 2159 prae·
1430 2099 1459 2139 rs

264 2182 399 2246 termitti
410 2183 464 2246 sed
475 2183 664 2266 perscrutari
679 2187 711 2247 et
725 2183 842 2266 requiri
858 2184 962 2248 omnia
976 2203 1031 2267 por
1040 2184 1155 2267 legem,
1167 2203 1204 2248 ne
1216 2184 1291 2266 quid
1307 2201 1413 2264 eorpo-

264 2288 340 2353 ralis
363 2289 436 2353 uitii
459 2291 512 2353 uel
536 2289 641 2354 hostia
664 2290 779 2354 habeat
802 2290 854 2354 nel
878 2291 1036 2355 sacerdos.
1059 2310 1140 2372 quae
1164 2291 1277 2373 utiquo
1295 2290 1413 2374 figurae

266 2399 340 2460 sunt
361 2395 563 2478 perfeetionis
587 2397 655 2460 eius
681 2400 712 2460 et
734 2397 893 2479 puritatis
919 2417 999 2478 quac
1018 2416 1088 2461 esse
1109 2397 1203 2462 debet
1219 2397 1251 2460 in
1271 2397 1363 2462 corde
1382 2399 1414 2460 et

266 2501 370 2566 anirno
394 2501 579 2566 sacerdotis.
607 2503 664 2566 sed
687 2521 725 2566 ne
749 2503 820 2586 ipsa
842 2502 969 2585 quidem
993 2503 1178 2568 indumenta
1207 2502 1414 2568 sacerdotalis

265 2607 316 2671 uel
341 2608 508 2672 ministerii
532 2627 610 2674 nasa
633 2609 764 2673 cuilibet
792 2609 973 2692 contingere
1002 2611 1109 2673 saltim
1138 2613 1193 2674 aut
1221 2611 1412 2676 contrectare
1430 2631 1457 2674 ao

264 2715 312 2778 fas
338 2718 395 2779 est.
419 2715 489 2796 ipsa
512 2735 638 2798 quoqne
663 2716 815 2781 sacrificia
838 2735 899 2780 non
923 2716 1043 2797 passim
1068 2717 1215 2781 omnibus
1240 2716 1295 2781 sed
1319 2715 1410 2780 certis

265 2822 444 2904 quibusque
475 2822 659 2906 indulgetur
690 2823 848 2887 insumere
882 2825 914 2886 et
945 2822 1027 2888 intra
1059 2827 1181 2888 certum
1217 2826 1345 2904 tempus
1381 2824 1411 2884 et

264 2928 347 2992 intra
374 2929 573 3012 praefinitum
601 2931 717 2994 locum.
754 2930 808 2994 sed
837 2947 875 2993 ne
909 2930 1158 3011 conpositionem
1191 2930 1319 3012 quidem
1352 2927 1411 2992 olei

360 3213 655 3275 rcf.Leu.1o,1.2
720 3211 1103 3281 oef.1Reg.2‚12sqq..
1149 3211 1182 3265 10
1201 3211 1234 3265 cf.
1254 3211 1282 3264 lI
1300 3211 1367 3277 lleg.
1387 3209 1410 3269 6,

268 3305 292 3360 6.
314 3305 328 3357 7
377 3303 410 3356 15
429 3303 465 3359 cf.
483 3303 546 3357 Len.
568 3302 611 3364 21,
631 3303 673 3355 17.
693 3302 737 3370 22,
758 3302 871 3356 18-20.
891 3301 973 3355 Dent.
993 3301 1035 3369 18,
1058 3302 1089 3355 13
1145 3302 1177 3354 21
1200 3301 1233 3354 cf.
1254 3301 1320 3354 Len.
1339 3299 1363 3361 8,
1379 3297 1410 3351 31

186 3527 190 3532 ‹
304 3493 496 3548 lobtulerunt
518 3492 568 3545 OA
649 3493 713 3561 igne
732 3493 759 3545 A
813 3493 933 3561 2paene
954 3509 1004 3545 ont.
1027 3491 1064 3546 Co
1135 3493 1225 3546 locum
1243 3509 1346 3561 poenae
1364 3507 1412 3545 suo

268 3585 328 3638 loeo
343 3595 394 3637 om.
410 3583 452 3636 ita
466 3587 532 3649 post
544 3582 672 3636 interitus
692 3582 803 3650 leuiter:
822 3582 909 3634 locum
928 3568 1014 3652 {aene
1036 3582 1060 3635 0
1114 3586 1142 3634 et
1160 3581 1312 3650 inpietatis]
1333 3582 1412 3634 etiam

268 3673 380 3742 pietatis
403 3671 525 3726 Cetium
545 3673 573 3723 et
592 3670 776 3739 impietatis'o
880 3671 896 3724 3
916 3671 1015 3724 abuero
1033 3671 1061 3724 A
1171 3671 1217 3738 ne]
1240 3686 1327 3738 neque
1349 3669 1413 3722 OVo

269 3759 377 3831 quidem
402 3777 453 3814 ona.
478 3758 504 3810 V
616 3758 730 3813 idoneos
757 3759 829 3814 Ouo.
906 3760 1071 3812 emesan
1092 3758 1165 3814 Uoc.
1276 3757 1414 3829 5hqli0

268 3848 555 3904 ladnirnaduersione
574 3847 602 3900 A
705 3865 726 3901 s.
745 3850 871 3902 miserum
891 3848 957 3902 add.
978 3865 992 3900 o
1015 3847 1038 3902 0
1127 3849 1144 3901 8
1165 3850 1284 3901 coercuit
1306 3847 1412 3916 (dopo.

268 3937 489 4008 9pontefioirO
540 3937 573 3992 10
593 3937 664 3990 ozias
684 3937 819 4005 AVa.c.‚o
838 3954 910 3990 ozeae
938 3935 1040 4005 Oque.
1060 3936 1164 3991 oziaG
1195 3937 1248 3990 .11
1270 3937 1360 3992 orbita
1372 3935 1415 3990 Co

270 4027 302 4082 15
321 4044 369 4081 nec
391 4026 489 4094 Coeno
587 4028 619 4080 16
638 4028 793 4096 perlegam
812 4027 894 4081 debet
912 4026 1006 4094 (debet
1024 4044 1045 4081 s.
1066 4028 1083 4082 t.
1103 4027 1160 4098 m2)
1182 4026 1206 4080 0
1284 4027 1319 4082 20
1337 4025 1415 4080 mini-

268 4117 399 4170 steriaV
456 4116 552 4170 saltem
576 4115 674 4184 Omma
728 4116 762 4169 22
781 4116 933 4184 indulgitnr
954 4117 1028 4170 Oete.
1047 4115 1224 4186 indulgentur
1245 4115 1283 4170 Co
1340 4115 1416 4168 intra

268 4221 302 4258 ecc
320 4208 363 4256 tra
376 4203 411 4266 R,
432 4205 479 4271 qut
499 4203 533 4255 ab
553 4204 606 4257 hoc
624 4220 689 4258 uoce
704 4203 792 4258 deceno
806 4205 911 4272 inanit,
928 4206 962 4272 cf.
977 4211 1072 4258 aotam
1088 4204 1127 4257 ud
1135 4221 1165 4272 p.
1183 4207 1229 4271 69,
1248 4207 1265 4257 5
1301 4205 1335 4257 23
1351 4202 1414 4271 olei]

269 4292 507 4347 wdmaLR
860 4300 863 4308 ’
