3214 4988
270 407 311 472 56
785 401 901 456 Rufini

269 599 398 683 linguae
426 597 555 664 uincula
582 597 706 680 inponit
734 615 769 662 ao
799 595 885 661 frena
914 614 970 662 neo
1001 614 1050 661 mo
1078 583 1234 679 permittit
1261 595 1415 677 quomodo

269 704 340 769 aliis
364 722 509 787 praeesse
532 703 664 768 debeam
688 702 826 788 cogitare
850 719 951 785 neque
976 702 1133 785 quomodo
1157 701 1236 767 alios
1257 701 1416 766 emendem

270 814 325 876 aut
348 810 513 896 corrigam,
541 810 597 874 sed
625 808 783 892 quomodo
811 808 890 892 ipss,
920 809 948 873 si
974 808 1043 874 fieri
1069 812 1186 891 potest,
1213 808 1293 872 iram
1321 807 1416 878 futuri

267 917 378 982 iudicii
402 916 550 1002 effugiam
576 915 755 982 uenientem
780 917 812 980 et
834 933 946 998 parum
970 914 1091 996 aliquid
1114 934 1164 979 me
1187 915 1295 996 ipsum
1318 913 1416 978 afilio

225 1031 241 1084 2
269 1022 454 1106 perditionis
480 1022 659 1104 abstrahum
685 1021 853 1087 etfaciam
878 1021 1027 1086 alienum.
1054 1014 1199 1086 mundari
1220 1021 1307 1085 'enim
1330 1020 1416 1102 prius
1448 1041 1461 1082 a

269 1133 394 1213 oportet
418 1132 449 1194 et
473 1130 518 1194 sio
543 1129 622 1195 alios
646 1130 808 1206 mundare,
834 1129 1011 1210 sapientem
1029 1129 1117 1211 prius
1137 1127 1205 1193 fieri
1224 1132 1256 1193 et
1275 1128 1322 1192 sie
1341 1128 1417 1192 alios

268 1237 370 1302 faeere
394 1236 564 1319 sapientes,
587 1237 695 1301 lumen
719 1235 801 1316 efflei
826 1239 857 1300 et
880 1236 925 1300 ita
948 1236 1028 1300 alios
1051 1235 1249 1313 inluminare,
1273 1234 1418 1299 assedere

269 1342 308 1406 ad
337 1342 429 1407 deum
459 1347 491 1407 et
518 1343 563 1406 ita
592 1342 671 1407 alios
700 1342 855 1407 adducere
883 1341 922 1406 ad
951 1341 1056 1418 deum,
1091 1341 1280 1406 sanctificari
1312 1346 1345 1405 et
1374 1341 1418 1404 ita

269 1450 347 1515 alios
382 1449 590 1528 sanctificare,
627 1467 741 1514 manus
772 1448 886 1512 babere
918 1451 1021 1514 reotas
1053 1451 1084 1512 et
1121 1447 1167 1512 sio
1203 1447 1418 1532 indigentibus

267 1556 425 1640 porrigere
448 1575 586 1633 manum,
615 1557 693 1620 recti
719 1573 789 1621 esse
813 1555 939 1636 consilii
962 1559 994 1620 et
1022 1557 1068 1622 sio
1095 1555 1166 1620 aliis
1194 1558 1317 1618 rentum
1347 1554 1417 1617 dare
1433 1574 1459 1616 ro

269 1663 448 1728 eonsilium.

312 1770 364 1833 12.
395 1770 437 1834 Et
464 1769 598 1852 quando,
631 1769 789 1851 inquiunt,
822 1769 885 1844 ista
918 1772 1037 1851 eruutl,
1064 1768 1097 1832 hi
1130 1768 1185 1851 qui
1219 1768 1324 1832 omniu
1357 1766 1418 1830 elta

268 1877 391 1940 malunt
414 1893 485 1940 esse
513 1895 608 1958 quam
637 1879 739 1956 nauta,
767 1876 821 1958 qui
850 1879 915 1940 tarn
944 1875 1006 1940 cito
1036 1875 1204 1940 aedilioant
1232 1893 1326 1957 quam
1355 1875 1416 1938 eito

269 1982 447 2048 destruunt.
479 1985 511 2046 et
539 1982 674 2064 quando,
708 1982 807 2058 aiunt,
840 1984 967 2046 lucerna
994 1988 1130 2064 ponetur·
1156 2000 1251 2064 super
1279 1979 1417 2044 cundele-

269 2089 381 2152 brnm?
411 2087 534 2170 quando
563 2089 717 2157 talentum
748 2087 874 2160 dabitur
900 2087 1144 2156 nummulariis?
1172 2087 1233 2164 dei,
1261 2087 1456 2168 inquiuntae

224 2201 240 2254 2
271 2194 373 2276 gratia
405 2194 602 2277 temporibus
635 2200 667 2258 et
700 2195 836 2259 oirouitu
868 2195 964 2278 longo
996 2214 1057 2259 non
1089 2195 1221 2278 indiget.
1254 2195 1331 2267 haee
1364 2193 1416 2274 qni

269 2299 457 2364 feruidiores
482 2303 554 2365 sunt
583 2320 657 2385 erga
684 2301 840 2366 amicitias
867 2301 969 2385 magis
998 2321 1092 2384 quam
1121 2320 1195 2385 erga
1220 2300 1415 2384 religionem,

270 2405 385 2486 quibus
418 2406 542 2471 tardum
576 2410 626 2472 est
659 2427 749 2473 omne
782 2407 866 2491 quod
899 2407 1053 2484 differtur,
1087 2408 1179 2490 qnasi
1211 2426 1272 2472 non
1304 2406 1357 2471 uel
1385 2407 1414 2468 in

269 2511 383 2576 ultima
415 2515 518 2578 aetate
551 2515 664 2580 melius
698 2516 741 2580 sit
774 2514 893 2598 aliquid
925 2515 1066 2580 inuenire
1102 2514 1286 2599 prudentiae
1324 2532 1415 2595 qnam

266 2637 458 2702 perunguere
485 2619 675 2686 ineruditam
703 2621 913 2698 iuuentutem,
947 2621 1021 2704 quia
1050 2625 1082 2684 et
1103 2621 1205 2686 multo
1229 2619 1344 2684 melius
1368 2621 1415 2682 est
1431 2635 1455 2678 so

268 2725 362 2808 pauet
385 2725 536 2809 temporis
561 2745 696 2810 regnum
723 2726 904 2810 legitimum
934 2745 1028 2808 quarn
1056 2726 1197 2810 tyrannis
1223 2726 1312 2808 longi
1338 2729 1415 2790 tem·

269 2831 365 2916 poris,
400 2832 474 2914 quia
502 2836 533 2897 et
560 2833 695 2916 <mu1t0>
722 2833 834 2899 melior
862 2837 912 2898 est
940 2833 1052 2916 exigua
1083 2851 1155 2916 pars
1188 2851 1260 2898 oum
1293 2831 1416 2897 iustitia

270 2957 362 3022 quam
387 2939 508 3003 multae
532 2938 751 3021 possessiones
781 2958 852 3003 oum
879 2939 1046 3004 iniustitia.
1077 2944 1132 3004 aut
1159 2956 1219 3004 non
1246 2939 1414 3022 pretiosius

268 3044 398 3132 ducitur
421 3045 571 3128 exiguum
596 3045 663 3108 auri
688 3065 779 3128 quam
804 3046 897 3110 multi
921 3045 1068 3128 ponderis
1091 3045 1278 3128 plumbum?

361 3202 379 3254 4
398 3200 430 3255 cf.
449 3200 509 3255 Iob.
531 3202 573 3268 17,
593 3201 634 3256 12.
653 3200 681 3254 lI
701 3200 794 3258 Thess.
814 3202 838 3266 2,
858 3203 874 3256 3
927 3201 1414 3269 1411111115,1111111121.

270 3289 334 3345 Luc.
355 3290 379 3358 8,
399 3291 441 3345 16.
462 3290 504 3354 11,
523 3291 558 3346 33
614 3293 647 3345 15
667 3289 700 3346 of.
720 3290 817 3346 Matth.
837 3292 880 3356 25,
899 3291 944 3345 27.
964 3290 1028 3345 Luo.
1049 3291 1091 3358 19,
1109 3292 1144 3344 23

306 3415 322 3468 3
341 3416 420 3484 potes
438 3430 455 3468 o
502 3416 580 3468 tme
600 3415 688 3484 ipsum
709 3413 865 3468 abstraham
885 3431 900 3468 a
918 3413 937 3468 f.
957 3415 1066 3484 perdo
1111 3416 1127 3469 5
1147 3415 1245 3486 faeiem
1264 3419 1290 3485 (a
1307 3431 1329 3469 a.
1349 3417 1373 3484 e)
1394 3413 1416 3467 (1

268 3501 392 3556 mundari
412 3503 483 3557 enim
502 3520 544 3557 me
569 3503 595 3557 V
655 3506 671 3558 6
691 3504 910 3573 oportet-prius
929 3520 980 3560 om.
999 3503 1077 3566 le,
1098 3505 1226 3558 conuenit
1245 3505 1330 3558 etsie
1349 3505 1414 3557 alios

269 3591 399 3646 mundare
419 3593 567 3662 sapientem
588 3593 653 3647 add.
673 3594 721 3645 m2
793 3593 809 3646 8
829 3592 863 3646 ad
884 3592 1022 3646 dominum
1041 3597 1156 3660 utroque
1176 3594 1234 3648 loeo
1254 3591 1278 3647 0
1367 3593 1413 3646 alt.

271 3666 368 3736 11111
441 3685 469 3735 et
487 3681 556 3735 alios
575 3682 649 3736 itan
712 3681 816 3735 9alios
836 3682 886 3734 om.
907 3680 988 3736 ROA
1053 3681 1086 3735 10
1105 3698 1213 3735 manum
1232 3681 1417 3752 porrigereV

268 3775 326 3836 turn
348 3770 457 3824 darell
509 3771 542 3823 12
561 3769 668 3824 hiiRO
723 3771 757 3823 14
775 3771 886 3839 ponitur
904 3768 958 3823 OV
1006 3771 1038 3823 15
1057 3771 1242 3825 nummolariis
1260 3773 1288 3838 (u
1307 3787 1328 3824 a.
1348 3769 1415 3837 0111

269 3861 425 3914 numolariis
450 3858 648 3913 Onumulariis
668 3859 896 3913 Vnummolariis
917 3860 989 3928 Ope.
1059 3859 1091 3914 16
1111 3861 1215 3929 gratiae
1236 3859 1274 3914 Co
1345 3860 1414 3913 indi·

269 3953 335 4019 gent
356 3948 393 4003 Oe
445 3949 477 4002 18
497 3948 615 4002 terdeA
690 3951 732 4002 est
751 3963 802 4002 om.
822 3950 849 4001 A
920 3949 948 4002 in
968 3948 1090 4002 ultimam
1111 3947 1253 4002 etatemO
1302 3948 1337 4002 ab
1355 3966 1414 4018 per·

269 4054 364 4108 urgere
384 4037 480 4091 AOVu
553 4036 616 4106 quia
634 4036 721 4090 multo
742 4040 770 4101 et
789 4036 931 4091 meliusO
1000 4037 1031 4091 21
1053 4035 1186 4107 paucisO
1247 4038 1370 4106 tyrannis
1389 4037 1415 4091 R

269 4126 419 4196 tyrannidis
442 4125 482 4195 (di
505 4141 526 4179 s,
551 4127 580 4184 1.)
609 4125 809 4195 Otyrannides
836 4127 860 4180 O
882 4125 902 4191 (i
924 4128 955 4180 in
979 4142 993 4179 e
1017 4128 1129 4194 mutio
1235 4126 1318 4194 longe
1335 4124 1415 4179 Reae.

270 4215 303 4268 22
322 4214 409 4268 multo
430 4215 529 4270 addidi
547 4215 608 4269 ooli.
629 4215 677 4268 liu.
697 4217 746 4282 20,
766 4229 817 4268 oon.
838 4215 914 4270 codd.
935 4232 950 4269 o
1032 4215 1066 4269 24
1086 4215 1185 4270 dieitur
1203 4215 1231 4283 (u
1249 4229 1272 4271 a.
1289 4231 1332 4282 pr.
1350 4215 1371 4280 i)
1394 4214 1416 4266 0

271 4303 371 4356 dieitur
391 4303 417 4355 A
872 4307 876 4318 ·
1263 4323 1266 4328 ·
