3214 4988
599 458 621 512 1.
641 459 885 531 apologeticus
903 462 1017 518 40-43.
1343 469 1385 533 35

233 672 267 718 se
290 656 404 736 putant
428 673 521 738 posse
546 654 583 719 de
607 655 658 720 his
683 673 763 738 qnae
787 673 822 721 se
846 656 985 721 fatentur
1007 656 1161 740 ignorare.
1185 663 1255 724 tum
1275 659 1386 726 deinde

233 779 270 824 er
301 760 368 824 neri
402 761 563 826 similibus
596 763 776 843 frequenter
806 762 901 828 modo
934 763 966 827 in
998 764 1068 842 hoc,
1106 765 1200 830 modo
1237 766 1269 830 in
1306 766 1387 831 illud

232 866 318 930 uersi
342 871 439 950 atque
461 867 578 932 mutati
602 870 634 934 et
662 870 748 933 omni
775 869 872 935 uerbo
900 888 983 934 nunc
1011 869 1263 953 adquiescentes,
1291 874 1386 956 paulo

192 1056 194 1060 v
231 975 308 1054 post
328 973 445 1038 iterum
468 974 664 1039 reluctantes
689 975 785 1038 simul
810 979 842 1040 et
871 975 1042 1060 magistros
1072 979 1103 1042 et
1131 977 1237 1042 studia
1264 997 1387 1061 permu-

201 1082 304 1144 stant
331 1083 363 1144 et
391 1081 484 1145 uelut
511 1080 618 1164 puluis
647 1085 744 1146 uento
774 1081 915 1167 agitatus
948 1082 1041 1148 facile
1073 1083 1313 1149 transferuntur.
1348 1086 1386 1150 ad
1415 1087 1432 1139 2

231 1185 383 1251 ultimum
412 1207 487 1253 uero
517 1187 674 1252 stult'tiae
703 1207 779 1252 snae
811 1189 973 1272 proferunt
1002 1191 1158 1267 fructum3
1192 1209 1265 1254 nam
1297 1192 1388 1256 uelut

231 1293 357 1376 fatigati
390 1293 545 1358 audiendo
579 1295 722 1360 diuersos
756 1297 788 1358 et
819 1296 899 1360 uicti
930 1295 1034 1362 taedio
1069 1296 1166 1362 simul
1199 1297 1304 1362 omnia
1339 1317 1386 1362 re-

172 1415 174 1420 ·
233 1403 353 1482 spuunt
375 1404 407 1466 et
429 1402 521 1466 uelut
541 1401 639 1467 uacui
663 1405 695 1468 ot
716 1402 824 1468 inanes
849 1423 884 1468 er
909 1404 1054 1469 omnibns
1079 1423 1159 1487 qnae
1188 1404 1388 1474 crediderunt

233 1507 310 1572 lacti
343 1510 490 1573 continuo
529 1509 624 1573 etiam
663 1512 863 1576 contemnere
901 1514 932 1575 et
967 1511 1102 1575 inridere
1139 1530 1196 1576 nos
1232 1511 1388 1594 incipiunt

190 1633 217 1675 ro
235 1616 327 1679 uelut
353 1615 433 1680 nihil
460 1615 648 1680 rationabile
676 1616 707 1680 in
739 1615 801 1681 fide
834 1620 942 1682 nostra
974 1616 1127 1682 habentes
1161 1621 1193 1682 et
1224 1618 1388 1701 patiuntur

236 1720 319 1803 quod
352 1722 494 1787 accidere
526 1722 608 1786 solet
640 1723 691 1787 his
724 1723 780 1805 qui
813 1724 923 1788 oculos
956 1722 1064 1788 dolent
1097 1727 1129 1788 et
1166 1723 1244 1789 solis
1279 1725 1387 1789 lumen

234 1833 387 1893 accusant
409 1830 463 1893 uel
487 1828 542 1910 qui
564 1847 667 1908 aures,
696 1831 729 1894 et
751 1846 847 1895 uoces
871 1829 1035 1894 hominurn
1064 1830 1169 1895 minus
1198 1848 1268 1895 esse
1297 1851 1388 1896 sono·

234 1954 285 2000 ras
309 1938 492 2018 queruntur.

279 2043 331 2107 43.
359 2043 532 2124 Propterea
555 2062 629 2127 ergo
654 2043 756 2108 multo
781 2043 894 2108 utilius
919 2047 969 2108 eat
991 2045 1114 2109 animae
1139 2045 1328 2130 simpliciter
1356 2053 1389 2111 et

189 2169 217 2212 rs
235 2169 312 2233 pure
339 2150 485 2215 ueritatis
513 2151 670 2216 elementa
698 2150 860 2233 suscipere
888 2154 921 2216 et
947 2152 1038 2216 uelut
1065 2153 1145 2218 ceris
1179 2171 1216 2217 ea
1247 2154 1387 2218 nondum

236 2257 413 2322 charaxatis
435 2256 606 2322 inscribere
630 2277 724 2340 quam
749 2277 849 2340 snper·
865 2258 922 2322 illa
949 2278 1030 2341 qnae
1059 2263 1130 2324 ante
1158 2260 1241 2324 malo
1270 2261 1388 2344 scripta

237 2365 311 2428 sunt
334 2365 554 2448 superducere,
581 2364 615 2428 id
640 2367 689 2430 est
711 2383 808 2448 supra
831 2365 948 2430 malam
977 2365 1151 2432 doctrinam
1179 2370 1212 2432 et
1238 2387 1388 2450 peruersa

237 2471 387 2555 dogmata
417 2472 552 2537 uerbum
585 2470 659 2535 fidei
691 2491 726 2536 ac
758 2472 904 2537 ueritatis
935 2472 1076 2558 ingerere
1110 2478 1141 2538 et
1173 2495 1247 2539 cnm
1277 2475 1389 2556 primis

235 2581 398 2662 postrema
421 2577 621 2645 confundere.
650 2598 723 2644 nam
746 2579 832 2644 uiam
857 2579 986 2662 quidem
1009 2580 1153 2645 incedere
1181 2581 1330 2646 adtritam
1358 2585 1391 2646 et

191 2703 219 2745 ao
235 2685 410 2769 lenigatam
434 2685 627 2750 adsiduitate
652 2686 897 2752 commeantium
921 2689 1061 2770 praestat
1084 2706 1178 2770 quam
1201 2687 1389 2752 inusitatam

234 2795 267 2857 et
288 2791 400 2856 rudem
424 2794 456 2856 et
478 2792 575 2856 nullis
600 2795 693 2857 antea
714 2792 863 2876 uestigiis
887 2793 1114 2875 proculcatam,
1140 2811 1286 2877 campum
1312 2812 1387 2875 quo-

235 2917 296 2982 que
329 2917 432 2964 serere
465 2899 612 2964 exercitio
646 2899 740 2963 aratri
771 2898 947 2981 frequentis
980 2899 1155 2965 edomitum
1188 2899 1303 2964 melius
1338 2903 1388 2965 est

236 3025 329 3089 qnam
353 3007 445 3071 illum
471 3007 525 3089 qui
547 3006 679 3090 ignarus
703 3009 753 3070 est
776 3006 858 3071 sulci
883 3009 914 3072 et
932 3007 1070 3072 uomeris
1091 3007 1232 3083 nescium
1252 3006 1388 3071 animam

234 3132 309 3178 uero
333 3113 423 3177 illam
446 3112 561 3178 melius
586 3113 737 3192 excolam,
761 3132 841 3195 quae
864 3113 953 3178 nullo
978 3113 1080 3178 adhuc
1103 3113 1238 3198 maligni
1257 3112 1388 3178 cultoris

184 3237 217 3280 aa
234 3221 335 3285 aratro
355 3222 510 3284 temerata
528 3222 578 3284 est
596 3238 654 3284 neo
673 3219 898 3302 praecentione
920 3220 1053 3303 pessimi
1072 3220 1202 3286 seminis
1223 3223 1386 3302 occupata.

236 3326 374 3408 alioquin
413 3326 629 3409 duplicabitur
665 3327 756 3392 nobis
792 3327 891 3405 labor,
935 3327 1010 3391 dum
1047 3345 1177 3394 neeesse
1216 3331 1265 3392 est
1300 3327 1388 3410 priua
1416 3333 1433 3385 2

325 3571 342 3624 5
362 3570 394 3625 ci.
415 3569 484 3641 Eph.
502 3570 529 3633 4,
550 3570 583 3624 14
658 3570 691 3624 18
711 3568 743 3626 cf.
764 3570 840 3625 Rom.
863 3569 906 3636 lo,
926 3571 951 3623 8.
971 3570 985 3625 Ῑ
1003 3570 1072 3628 Tim.
1091 3570 1117 3640 4,
1138 3571 1154 3625 6
1229 3569 1262 3624 of.
1281 3569 1309 3622 11
1329 3567 1389 3624 Cor.

235 3658 261 3726 6,
281 3658 305 3712 7.
326 3658 383 3715 col.
405 3659 431 3724 1,
450 3659 474 3715 5.
493 3659 549 3714 Iac.
571 3659 594 3728 1,
615 3660 648 3713 18

272 3836 386 3906 lposse
404 3839 504 3907 putant
526 3837 563 3892 Oc
644 3840 741 3907 putent
757 3837 837 3905 Rpc.
911 3836 978 3890 lex
998 3836 1066 3904 ueri]
1087 3836 1161 3890 exuri
1183 3835 1255 3892 Ceo.
1333 3833 1387 3887 fre·

237 3929 351 3994 quanter
369 3923 398 3979 in
417 3925 469 3979 hoc
488 3924 568 3980 modo
589 3927 617 3980 in
637 3925 706 3980 illud
727 3926 777 3981 ΟΔ
814 3927 832 3979 4
851 3926 1018 3980 reluctantas
1037 3925 1117 3980 Boc.
1155 3926 1171 3979 6
1191 3923 1286 3993 stultip
1304 3923 1385 3977 Bac.

236 4014 251 4066 7
275 4011 320 4068 ·do
346 4013 531 4083 diuersos—p.
557 4019 604 4083 37,
628 4019 664 4068 16
687 4031 781 4070 sensus
805 4031 857 4069 om.
881 4015 908 4068 Α
1019 4015 1036 4067 9
1059 4017 1250 4083 contempnere
1277 4011 1389 4080 O,Cp.c‚

236 4104 267 4156 11
289 4104 415 4160 accedere
438 4102 500 4171 O(i
519 4121 540 4158 o.
557 4121 602 4172 pr.
623 4107 658 4172 e),
680 4104 754 4158 Oce
842 4105 875 4157 12
896 4120 993 4158 sonora
1016 4104 1043 4157 V
1123 4103 1156 4156 13
1176 4103 1343 4171 quaeruntur
1365 4098 1390 4153 0

236 4195 268 4247 15
286 4211 353 4266 pure
372 4193 400 4249 R
509 4193 640 4248 elimenta
660 4193 733 4248 Coc.
792 4193 872 4247 .1o
893 4193 1023 4247 caraxatis
1045 4192 1083 4246 Oc
1191 4191 1291 4260 scripte
1313 4188 1388 4243 Ome.

235 4285 268 4338 17
288 4301 337 4352 sup
359 4283 397 4338 Uo
475 4282 510 4338 20
529 4282 662 4337 inusitata
681 4286 709 4348 (a
727 4299 760 4336 coc
779 4285 803 4348 e)
819 4282 847 4336 R
902 4281 935 4335 21
955 4281 1112 4351 proculcata
1130 4297 1164 4335 ccc
1181 4279 1346 4350 proculcatis
1361 4278 1390 4333 R

235 4373 270 4427 22
290 4373 416 4438 exerticio
438 4371 463 4441 (c
481 4389 502 4427 a.
522 4375 544 4441 t)
568 4372 591 4426 O
661 4372 757 4426 aratris
780 4371 804 4425 0
858 4372 891 4426 23
912 4374 940 4426 et
958 4371 1075 4425 nemoris
1096 4372 1138 4424 est
1155 4369 1261 4423 nescius
1285 4368 1308 4420 0

1317 4473 1353 4528 3*
