3258 4980
220 401 285 464 266
738 396 854 451 Rufina

220 593 353 680 alligent
377 597 433 658 221
456 592 614 676 quomodo
640 592 828 678 simpliciter
851 595 883 657 et
905 591 1041 657 fideliter
1069 591 1153 656 dicta
1181 591 1373 668 dissoluant,

220 700 305 766 sicut
323 717 559 784 nonnumquam
576 699 608 764 in
628 699 780 764 athletico
800 699 970 766 certamine
988 698 1057 765 fieri
1076 699 1168 777 solet,
1187 697 1242 764 ubi
1264 698 1371 764 luctae

221 804 368 871 conludio
392 825 452 870 non
476 809 542 870 tarn
566 805 605 869 ad
628 806 768 888 palmam
786 805 928 871 tenditur
948 825 1041 888 quam
1058 804 1230 871 ostentatio
1249 806 1370 888 palaes-

176 919 191 970 2
221 913 316 977 matis
350 915 382 976 et
413 911 490 977 artis
519 912 732 995 spectantium
761 913 800 976 ad
830 931 864 977 se
892 912 976 996 rapit
997 913 1148 978 fauorem.
1182 912 1229 976 ita
1257 915 1289 976 et
1315 912 1368 976 ist'

222 1018 401 1084 auditorum
429 1019 562 1101 plausus
590 1021 755 1103 captantes
782 1019 814 1082 in
841 1019 957 1103 plateis
982 1024 1013 1084 et
1035 1020 1068 1084 in
1092 1018 1220 1102 publico
1245 1023 1371 1084 conten·
1405 1039 1422 1082 s

221 1126 362 1190 tionibus
390 1129 562 1209 personant
589 1127 621 1190 et
648 1144 739 1191 omne
768 1125 951 1191 conuiuium
980 1128 1076 1209 atque
1099 1145 1225 1191 omnem
1248 1125 1372 1189 festiui-

221 1237 330 1312 tatem,
359 1232 466 1298 luctus
495 1251 621 1315 quoque
643 1233 742 1316 ipsos,
767 1232 794 1297 si
817 1231 937 1298 suerint
959 1233 1105 1317 ingressi,
1130 1231 1371 1314 quaestionibus

223 1340 328 1406 omnia
360 1343 392 1404 et
424 1339 650 1406 certaminibus
677 1340 812 1424 replent,
839 1340 885 1405 ita
913 1343 950 1405 ut
974 1344 1006 1404 et
1028 1340 1225 1405 sollemnitas
1247 1338 1371 1404 festiui-

221 1449 320 1514 tatem
345 1465 435 1512 suam
458 1465 494 1512 ac
517 1447 679 1514 laetitiam
695 1446 807 1530 perdat
831 1449 863 1512 ct
884 1447 992 1512 luctus
1017 1447 1231 1512 consolatione
1256 1449 1371 1511 careat.

223 1554 279 1621 sed
299 1557 331 1620 et
349 1554 518 1622 mulierum
537 1554 674 1639 ingressi
693 1555 924 1633 conuenticula‚
945 1555 1061 1637 quibus
1074 1554 1187 1636 utique
1201 1555 1373 1618 uernacula
1391 1567 1423 1612 10

223 1677 293 1734 2222
317 1661 412 1726 debet
435 1663 468 1726 et
490 1661 657 1728 coalumna
681 1661 881 1745 simplicitas,
905 1660 1081 1745 inportunis
1106 1663 1137 1726 et
1159 1659 1278 1744 rapidis
1303 1679 1370 1725 222·

223 1770 336 1834 borum
364 1787 494 1834 suorum
522 1769 663 1834 motibus
688 1767 773 1833 omni
797 1788 850 1834 aas
874 1768 1064 1834 uerecundia
1087 1772 1119 1833 et
1141 1768 1373 1851 pudorisflore·

179 1888 195 1941 3
225 1875 411 1958 despoliant.
439 1875 588 1958 quoniam
612 1894 687 1959 ergo
710 1876 788 1940 baec
810 1875 857 1940 ita
880 1879 958 1940 sunt
978 1879 1010 1941 et
1031 1877 1152 1940 malum
1176 1876 1237 1940 boc
1259 1875 1372 1940 intole⁸⁴

131 2001 134 2008 ·
223 1983 364 2048 rabiliter
385 1983 510 2066 proficit
533 1985 566 2048 et
587 2001 739 2066 magnum
757 1981 839 2048 illud
858 1981 1021 2066 religionis
1039 1986 1165 2046 nostrae
1184 1981 1371 2064 mysterium

224 2091 262 2155 ad
286 2090 462 2155 uersutiam
491 2090 645 2172 quandam
675 2089 842 2154 deducitur
864 2091 1027 2172 artemque
1050 2087 1230 2165 uerborum,
1254 2088 1286 2152 in
1311 2088 1372 2155 hoc
1391 2101 1423 2144 1⁵

225 2197 332 2264 saltim
352 2197 444 2264 nobis
462 2197 602 2279 petimus
621 2200 659 2262 21
677 2196 861 2280 adquiescat
879 2197 1014 2279 quisque
1036 2197 1092 2261 ille
1116 2199 1166 2260 est
1189 2195 1243 2278 qui
1262 2195 1373 2260 huius·

225 2304 348 2369 cemodi
372 2323 406 2369 se
430 2304 667 2369 contentionum
690 2303 823 2368 tradidit
841 2303 986 2381 officinis,
1005 2307 1043 2369 ut
1060 2304 1120 2368 hoc
1140 2297 1224 2384 quod
1242 2305 1373 2385 paterno

225 2432 300 2498 erga
327 2431 382 2477 eos
410 2429 575 2477 mouemur
598 2410 712 2475 affectu
736 2429 797 2476 non
820 2413 1021 2494 aspernanter
1044 2409 1308 2491 accipiant,dum
1334 2409 1372 2473 de

224 2521 275 2586 his
299 2519 436 2604 singulis
454 2517 616 2582 reddimus
635 2517 799 2597 rationem,
818 2522 851 2582 et
868 2517 1011 2602 linguam
1030 2511 1200 2599 paulisper,
1220 2516 1247 2580 si
1266 2518 1371 2580 tamen

180 2645 197 2697 4
224 2629 370 2712 possunt,
390 2625 567 2702 cohibeant,
586 2624 692 2690 solum
706 2643 781 2689 uero
796 2623 887 2690 nobis
901 2622 1277 2706 inpertianturauditum.
1297 2621 1371 2704 quid
1391 2633 1425 2676 2⁰

226 2735 310 2799 enim
339 2753 374 2798 ex
403 2733 472 2811 boc,
501 2750 618 2814 quaeso
646 2750 717 2808 uos,
741 2731 847 2795 damni
870 2730 1054 2813 patiemini?
1088 2735 1143 2794 aut
1166 2729 1250 2794 enim
1272 2729 1372 2794 locuti

227 2860 338 2906 sumus
365 2840 398 2904 in
427 2858 502 2906 aure
526 2838 723 2903 audientium
753 2843 784 2903 21
807 2837 946 2902 fructum
974 2836 1096 2902 inuenit
1124 2855 1226 2902 sermo
1255 2839 1372 2912 noster,

227 2949 363 3014 salntem
386 2949 528 3012 uestram
552 2982 592 2993 -
622 2945 771 3028 quoniam
795 2945 923 3028 quidem
948 2945 1000 3028 qui
1027 2943 1164 3008 seminat
1185 2942 1317 3008 uerbum
1340 2942 1372 3006 in

228 3075 319 3121 omne
348 3073 402 3120 cor
429 3052 574 3131 seminat,
602 3051 775 3118 fructificat
802 3054 907 3116 autem
937 3071 973 3115 en
1001 3070 1038 3116 ea
1061 3050 1165 3115 solum
1191 3041 1280 3132 quae
1296 3049 1374 3113 uber

227 3162 323 3227 fuerit
346 3165 378 3225 et
400 3160 482 3225 bona
506 3159 598 3243 gleba
621 3197 675 3238 -,
696 3164 751 3224 aut
770 3159 797 3224 si
816 3159 896 3222 nihil
915 3158 1046 3243 dignum
1066 3156 1149 3240 quod
1168 3175 1227 3222 uos
1246 3159 1373 3222 moueat
1392 3163 1426 3208 2⁵

318 3320 351 3372 22
371 3320 405 3372 af.
424 3318 506 3372 neoti.
527 3318 569 3386 25,
589 3320 605 3372 2
625 3319 681 3386 (ra)
736 3318 769 3372 23
790 3315 823 3372 cr.
843 3315 940 3369 matth.
962 3317 1003 3397 ra,
1024 3316 1065 3370 re.
1084 3314 1167 3370 uera.
1186 3314 1212 3381 4,
1233 3314 1276 3368 14.
1297 3313 1330 3366 15

264 3425 358 3480 211221
375 3425 403 3478 in
423 3424 490 3482 athl.
510 3427 575 3479 cert.
593 3441 609 3478 2
699 3423 816 3488 21121122
839 3421 862 3476 0
879 3423 987 3476 21121122
1012 3421 1087 3476 Vac.
1178 3421 1195 3474 3
1214 3419 1374 3488 palesmatis

229 3516 350 3580 codd.,o
427 3513 596 3568 11221220
685 3514 745 3583 1222
769 3513 796 3566 V
877 3507 1107 3582 8221222100
1195 3506 1375 3563 21222002

229 3608 245 3661 9
261 3604 357 3674 perdat
375 3603 495 3659 leticiam
514 3602 536 3656 0
628 3604 659 3658 11
681 3603 823 3658 coalumna
836 3600 1012 3672 (edrrpcpoell
1033 3599 1129 3654 colurna
1151 3597 1174 3651 0
1191 3597 1301 3652 alumna
1318 3595 1378 3652 RV

230 3695 349 3750 alumina
370 3692 393 3747 O
471 3693 504 3746 12
524 3690 765 3754 taraconensem
792 3705 793 3712 ¹
823 3690 856 3744 13
876 3689 1024 3759 dispoliant
1042 3687 1163 3750 codd.,o
1236 3685 1340 3750 Quomt
1359 3701 1379 3740 u

229 3785 296 3840 bueo
312 3799 379 3852 ¹ergo
403 3782 430 3836 V
508 3782 640 3847 malorum
658 3780 686 3836 R
757 3777 979 3836 intollerabiliter
999 3776 1126 3844 00222
1199 3775 1232 3852 16
1253 3773 1375 3844 quisquis

230 3875 265 3939 (is
285 3873 333 3926 ult.
352 3888 374 3926 2.
394 3871 425 3939 1.)
439 3871 466 3926 R
485 3871 609 3940 quisquis
632 3868 658 3923 V
711 3869 743 3926 17
764 3869 967 3922 contentionum
987 3883 1016 3921 se
1039 3866 1063 3919 V
1135 3865 1291 3925 contionum
1313 3860 1380 3916 OOo

229 3963 315 4017 tradit
332 3961 359 4017 R
398 3961 430 4014 18
450 3963 628 4030 aspernantur
646 3957 695 4017 sed
714 3957 885 4027 2221212212
942 3956 1084 4025 ¹accipient
1102 3953 1182 4010 1122.
1237 3951 1271 4008 de
1290 3967 1381 4011 22212

230 4052 437 4121 201222221221
454 4053 482 4117 (2
499 4067 533 4104 ex
552 4051 577 4119 e)
595 4047 623 4104 R
642 4048 835 4117 irnperciantur
856 4045 879 4100 Ο
931 4047 965 4100 22
985 4046 1068 4100 simus
1087 4044 1113 4098 V
1183 4045 1212 4098 in
1231 4057 1308 4098 aures
1326 4039 1378 4108 (εἷς

231 4139 416 4210 «1222221211
438 4139 548 4194 Wrcbel
620 4136 778 4192 audientum
800 4136 849 4196 00
901 4135 935 4190 23
954 4135 1036 4189 uerbo
1055 4133 1083 4189 R
1118 4133 1182 4186 ,24
1200 4147 1231 4186 ex
1250 4147 1281 4184 eo
1300 4133 1328 4197 (ο
1343 4145 1383 4183 em

232 4226 470 4296 acquosus
525 4225 766 4285 ·solumom.V
854 4224 989 4296 qup(qs.
1012 4221 1086 4290 th
1177 4217 1381 4276 25etcm.R

232 4319 331 4386 antei]
352 4321 399 4371 aut
419 4315 542 4371 certeV
608 4363 644 4376 „
756 4325 759 4330 '
1382 4335 1384 4340 ·
