3228 4978
538 465 584 518 Vl.
603 464 651 519 Ad
670 467 760 519 ciues
779 466 1009 522 Nazianzenos
1029 468 1107 522 6-8.
1331 473 1396 538 201

248 663 342 743 quale
370 660 399 726 si
428 660 498 744 quis
527 661 560 724 in
588 680 688 745 agone
717 661 842 743 positus
871 665 903 726 et
930 661 1070 728 laborem
1099 663 1307 728 certaminum
1330 683 1398 747 per-

248 769 433 834 horrescens
457 767 668 851 agenotheten
693 769 831 849 querelis
856 774 974 846 onaret,
999 773 1054 834 aut
1077 769 1105 834 si
1129 769 1199 851 quis
1218 770 1250 834 in
1270 789 1398 852 corpore

249 893 307 939 suo
335 873 489 939 tumentis
518 877 551 938 et
576 874 744 956 suppurati
772 873 914 940 uulneris
943 892 1039 942 aauos
1066 875 1257 941 intrinsecus
1280 876 1397 940 habens

248 999 394 1046 recessus
422 980 593 1057 medicum,
622 982 676 1063 qui
700 981 738 1046 ad
767 983 886 1049 uulnus
916 982 1137 1048 denudandum
1168 982 1297 1046 adhibet
1324 984 1398 1048 ferri

106 1144 110 1153 .
216 1089 395 1172 erigerem,
427 1087 600 1169 inperitum
629 1087 771 1152 clamitet
799 1090 831 1152 et
859 1089 1029 1154 crudelem.
1063 1089 1140 1154 haee
1168 1088 1248 1157 mihi
1276 1090 1316 1154 ad
1343 1107 1396 1157 eos
1424 1095 1441 1147 4

249 1194 334 1259 dicta
357 1196 431 1272 sint,
457 1193 512 1276 qui
531 1194 744 1277 potestatibus
764 1195 861 1260 etiarn
879 1195 974 1260 inuiti
994 1196 1210 1279 obtemperare
1229 1201 1397 1280 coguntur,

249 1304 286 1367 ut
308 1305 421 1385 sponte
440 1301 578 1367 subiecti
596 1302 660 1366 sint
678 1305 710 1366 et
729 1301 951 1368 necessitatem
971 1303 1090 1367 faciant
1107 1302 1316 1370 uoluntatem.
1340 1303 1397 1368 has

250 1409 343 1474 nobis
365 1427 484 1492 pauper
508 1428 565 1494 ogo
590 1412 699 1492 pastor
722 1408 762 1474 ad
784 1410 1010 1493 perfectionem
1034 1410 1141 1494 gregis
1160 1409 1294 1474 adhibeo
1314 1429 1397 1477 com-

249 1515 450 1593 monitiones,
484 1516 632 1597 quoniam
665 1515 794 1598 quidem
821 1516 990 1598 pastoralis
1018 1535 1106 1582 meae
1135 1516 1320 1599 disciplinae
1347 1516 1397 1581 lar

202 1648 231 1689 ro
249 1625 298 1687 est
325 1626 358 1688 ot
385 1622 523 1706 gaudere
551 1623 582 1688 in
610 1623 769 1706 prosperis
798 1623 922 1688 actibus
951 1623 1067 1688 uestris
1092 1626 1123 1687 ct
1147 1623 1267 1688 tristari
1290 1623 1395 1688 uobis·

249 1748 321 1792 curn
345 1729 461 1811 pariter
483 1729 516 1794 in
540 1729 694 1796 aduersis.

293 1837 322 1899 8.
351 1834 435 1913 Quid
463 1855 537 1900 uero
565 1855 625 1901 uos
654 1837 708 1918 qui
735 1836 951 1918 potestatibus
978 1835 1187 1917 praesidetis?
1219 1835 1283 1900 iam
1312 1836 1395 1902 enim

248 1940 327 2005 mihi
346 1942 385 2006 ad
400 1961 457 2007 uos
473 1961 576 2008 sermo
591 1943 798 2022 conuertitur,
820 1943 893 2025 qnia
906 1943 1054 2008 nolumus
1069 1943 1251 2025 inaequales
1267 1942 1394 2025 quidam

246 2046 359 2126 uideri,
381 2052 419 2114 ut
442 2049 603 2117 subiectos
629 2050 756 2132 quidem
780 2050 868 2134 leges
893 2069 929 2116 ae
953 2049 1153 2133 disciplinam
1178 2049 1395 2116 oboedientiae

203 2183 229 2226 re
249 2154 429 2233 doceamus,
462 2163 588 2220 uestrae
621 2177 695 2222 uero
728 2157 782 2222 uel
813 2157 973 2240 potentiae
1006 2157 1166 2234 cedamus,
1198 2176 1236 2220 ne
1268 2159 1395 2222 utamur

248 2279 285 2326 aa
302 2261 458 2339 libertate,
479 2281 541 2344 qua
560 2262 705 2328 Christus
725 2263 816 2327 nobis
835 2265 883 2326 uti
903 2264 933 2326 in
954 2263 1098 2328 ecclesiis
1118 2262 1216 2340 dedit,
1237 2265 1292 2326 ant
1310 2266 1395 2327 carta

246 2368 311 2433 illis
336 2369 463 2450 quidem
482 2369 585 2453 magis
605 2370 768 2435 consulere
788 2389 867 2452 quos
888 2388 1064 2447 monemus,
1088 2389 1147 2434 uos
1161 2373 1274 2437 autern
1292 2370 1394 2453 magis

248 2473 407 2557 despicere
445 2495 481 2540 ac
518 2477 684 2560 neglegere
721 2477 897 2552 uideamur,
935 2496 1069 2558 quonum
1101 2476 1213 2558 utique
1246 2477 1395 2541 maionem

248 2600 355 2648 curam
392 2581 506 2648 habere
537 2583 667 2666 dignum
701 2587 759 2659 est,
798 2586 914 2664 quanto
948 2582 986 2648 ad
1018 2583 1192 2648 multorum
1225 2582 1395 2663 perniciem

197 2717 229 2761 20
248 2688 392 2769 pertinet,
422 2689 448 2752 si
477 2689 552 2770 quid
576 2693 696 2754 erratur
721 2709 737 2754 a
761 2689 864 2764 uobis,
893 2693 925 2754 at
948 2709 1075 2754 rursum
1099 2688 1273 2754 multorum
1298 2687 1395 2754 saluti

249 2795 395 2880 uitaeque
420 2796 607 2874 consulitur,
635 2797 668 2860 in
692 2795 807 2878 quibus
831 2815 890 2862 uos
914 2795 1058 2863 iustitiae
1082 2799 1114 2860 et
1138 2795 1322 2860 clementiae
1346 2814 1394 2858 ex·

246 2901 375 2966 titeritis
412 2905 548 2968 tenaces.
591 2902 667 2985 quid
705 2922 778 2986 ergo
817 2902 943 2968 dicitis?
988 2906 1122 2985 putasne
1159 2901 1316 2984 patimini,
1359 2904 1395 2966 ut
1423 2913 1439 2964 2

249 3009 331 3074 neris
359 3029 449 3094 agam
478 3011 667 3074 uobiscum?
698 3009 903 3093 suscipitisne
925 3009 1105 3074 libertatern
1130 3009 1218 3074 uerbi
1243 3011 1275 3072 et
1296 3008 1394 3074 liben-

247 3119 295 3180 ter
322 3117 466 3198 accipitis
496 3116 580 3198 quod
608 3117 656 3180 lex
681 3116 798 3181 Christi
828 3117 1016 3182 sacerdotali
1044 3136 1103 3182 uos
1128 3119 1253 3180 nostrae
1277 3114 1395 3180 subicit

285 3395 297 3447 1
319 3395 518 3464 perlrorriscens
537 3396 559 3448 O
577 3412 762 3465 pererrasccns
780 3395 852 3449 (lac.
909 3394 925 3446 2
944 3395 1130 3463 agonithetam
1145 3395 1222 3463 Ilpa.
1243 3393 1394 3463 agonothe-

246 3483 313 3537 then
331 3483 354 3536 0
372 3482 647 3538 nawNwaHNHN
667 3484 695 3551 (h
709 3501 731 3538 a.
747 3483 779 3552 Θ)
799 3482 1045 3552 Vagonitathenv
1109 3483 1237 3552 querellis
1252 3482 1395 3550 accam

248 3572 264 3624 3
283 3573 403 3642 soporati
424 3571 495 3641 Ope.
514 3577 604 3640 m2‚o
659 3574 676 3626 4
695 3573 765 3626 ferre
786 3571 860 3628 Coe.
915 3574 931 3626 6
951 3573 1134 3641 potestatibus
1153 3573 1213 3639 (bus
1232 3573 1262 3625 in
1281 3575 1348 3637 roa)
1367 3572 1395 3627 R

246 3664 433 3732 optemperare
452 3662 533 3715 inuiti
556 3662 582 3714 V
626 3664 691 3716 lut
710 3661 801 3716 omo
873 3660 981 3716 suntO
1051 3661 1264 3716 necessitateV
1306 3662 1393 3728 Sego

247 3755 340 3818 pastor
359 3767 461 3820 pauper
483 3750 519 3804 Co
579 3751 803 3806 commonitiones
822 3751 901 3806 Rae.
945 3750 979 3803 10
997 3751 1097 3804 nostris
1116 3751 1143 3802 A
1190 3751 1220 3803 ll
1242 3750 1270 3802 in
1288 3767 1309 3803 s.
1330 3750 1347 3804 l.
1366 3749 1394 3804 R

247 3839 281 3890 12
299 3837 495 3907 presedetisO
534 3839 565 3891 13
585 3837 658 3908 quia]
679 3837 819 3906 qnandoo
874 3839 962 3907 quida
981 3838 1008 3893 R
1027 3837 1164 3906 quidemn
1204 3839 1236 3890 14
1255 3837 1393 3890 subiectus

250 3927 323 3984 Coc.
342 3927 459 3982 subiecti
482 3927 508 3980 V
578 3927 703 3996 quidaem
724 3927 754 3995 0,
773 3926 874 3982 om.V
943 3926 1059 3996 legisO
1110 3929 1142 3980 15
1162 3931 1287 3982 uestros
1359 3941 1393 3980 ne

244 4016 389 4072 abutamur
408 4017 453 4082 (ab
473 4034 494 4072 a.
515 4019 544 4086 l.)
563 4018 590 4072 R
655 4017 688 4070 16
707 4016 785 4070 nobis
804 4016 905 4070 om.V
976 4016 1098 4070 aeclesiis
1117 4017 1143 4068 A
1209 4016 1241 4068 18
1261 4015 1393 4084 dispicere

245 4103 383 4173 socan.
438 4106 617 4175 negligeret*
670 4103 852 4160 uideamnsO
906 4110 971 4158 orote
985 4105 1113 4158 maiorem
1134 4103 1200 4158 add.
1216 4107 1247 4169 (s.
1265 4103 1393 4170 osae)

243 4197 322 4250 tanto
344 4194 381 4248 Co
432 4195 465 4248 19
485 4195 605 4263 pertinet
623 4193 817 4263 pernicicrnV
875 4194 1026 4263 perneciem
1048 4193 1119 4260 Cpc.
1174 4192 1207 4248 21
1228 4209 1277 4246 uos
1296 4207 1347 4247 om.
1366 4193 1393 4244 A

244 4282 280 4336 22
299 4281 367 4338 dicis
390 4283 464 4340 Ome.
525 4283 559 4338 23
578 4283 669 4336 neruis
692 4281 824 4335 Onerius
844 4283 870 4334 A
889 4280 979 4336 uerbis
999 4281 1025 4333 V
1076 4297 1156 4334 uerus
1175 4280 1288 4343 nobiscu
1307 4287 1360 4349 aga
1379 4297 1393 4334 o

245 4373 468 4443 suscepitisncO
542 4377 569 4426 et
588 4388 639 4426 om.
659 4372 684 4423 A
739 4371 774 4423 24
795 4368 905 4438 quotO
978 4368 1139 4423 subiecitO
