3258 4980
650 498 696 553 IX.
716 498 761 551 De
782 498 934 552 Arrianis
954 499 1032 553 5-6.
1348 505 1410 567 271

261 713 328 774 eoa,
354 695 408 778 qui
431 695 601 761 simulacra
624 696 733 761 colunt
757 698 789 760 et
811 695 896 760 idola
919 689 1117 775 uenerantuq
1143 695 1198 780 qui
1216 697 1363 780 turpibus
1379 703 1415 762 et

264 802 426 886 mysteriis
455 805 487 867 et
514 802 631 868 fabulis
656 803 831 868 seruientes
855 802 982 868 facilius
1006 823 1060 886 pro
1084 801 1134 868 bis
1159 823 1239 886 quae
1264 803 1415 888 mysteria

265 911 380 994 'putant
408 910 594 994 sanguinem
623 929 718 974 suum
747 929 842 992 quarn
871 927 1048 975 sermonem
1076 909 1129 976 his'
1158 907 1212 993 qui
1239 911 1271 975 iu
1295 910 1414 976 talibus

265 1012 384 1078 initiati
406 1033 468 1080 non
492 1015 610 1080 fuerint
632 1015 778 1097 produnt.
808 1014 864 1079 sed
886 1015 1052 1081 uideamus
1075 1018 1195 1095 utrum,
1224 1015 1309 1082 sicut
1332 1017 1415 1082 stola
1442 1022 1459 1076 4

222 1143 248 1186 *a
266 1121 328 1186 uiri
360 1124 392 1186 et
422 1121 507 1187 risus
541 1122 682 1188 dentium
715 1125 748 1187 et
773 1121 918 1188 incessus
945 1121 1064 1205 pedum
1093 1122 1232 1190 ostendit
1261 1124 1414 1206 quaedam

266 1247 302 1292 ex
320 1227 392 1310 ipsa
406 1227 619 1295 moderatione
636 1232 667 1294 et
681 1229 890 1311 temperantia
904 1229 965 1295 uiri
979 1228 1081 1312 ipsius
1096 1229 1274 1295 honestatis
1288 1229 1414 1307 indicia,

265 1334 311 1400 ita
330 1337 363 1399 et
382 1334 471 1399 uerbi
490 1335 625 1417 prelatio
651 1338 683 1400 et
702 1336 820 1401 silentii
839 1335 1032 1401 continentia
1051 1336 1105 1400 det
1119 1335 1247 1419 aliquod
1266 1336 1304 1401 de
1324 1336 1414 1401 nobis

266 1445 299 1506 et
330 1442 494 1526 religionis
528 1445 561 1508 et
594 1442 779 1508 eruditionis
807 1442 970 1522 indicium,
1000 1442 1147 1525 quoniam
1178 1442 1304 1526 quidem
1334 1442 1416 1508 inter

267 1551 398 1626 ceteras,
423 1567 502 1631 quas
527 1549 565 1614 de
590 1549 647 1616 deo
672 1551 808 1632 proferre
834 1551 1061 1633 appellationes
1090 1550 1272 1615 bominibus
1295 1551 1343 1615 fas
1364 1554 1416 1615 ‘est

218 1675 249 1721 ro
268 1659 300 1721 et
323 1656 471 1736 uirtutes,
496 1657 592 1722 etiam
616 1659 749 1722 uerbum
773 1677 845 1722 eum
869 1657 1080 1723 nominamus.
1104 1658 1167 1722 iam
1192 1677 1276 1740 ergo,
1297 1657 1324 1722 si
1345 1675 1415 1722 eon-

266 1763 413 1828 tendendi
434 1765 634 1848 propositum
655 1766 714 1842 est,
735 1764 849 1829 situel
868 1763 1028 1830 contentio
1048 1764 1119 1848 ipsa
1137 1767 1245 1830 nostra
1262 1761 1415 1850 legitima.

311 1871 341 1934 6.
355 1869 567 1938 Natiuitatem
583 1871 634 1936 dei
649 1874 681 1937 et
697 1871 887 1937 creationem
902 1874 934 1936 et
950 1871 1044 1936 deum
1059 1891 1095 1936 ex
1109 1871 1205 1936 nullis
1218 1870 1415 1936 exstantibus

266 1981 299 2043 et
325 1977 523 2044 substantiae
548 1978 720 2044 sectionem
745 1980 841 2061 etque
865 1978 1054 2043 scissionem
1077 1981 1109 2043 et
1132 1969 1360 2044 resolutionem
1379 1982 1416 2042 ut

266 2085 342 2168 quid
358 2084 447 2150 audit
460 2085 610 2168 profanus
626 2085 771 2150 auditor?
787 2088 823 2150 ut
838 2086 914 2168 quid
924 2085 1093 2151 uerborum
1104 2087 1284 2152 nostrorum
1294 2079 1415 2150 iudices

218 2211 247 2256 re
266 2194 466 2259 accusatores
483 2195 514 2258 et
527 2193 673 2258 inimicos
688 2195 813 2257 nostros
828 2195 1004 2258 nocemus?
1019 2195 1056 2257 ut
1071 2192 1147 2275 quid
1158 2192 1280 2276 gladios
1292 2196 1415 2258 nostros

264 2299 412 2366 hostibus
432 2300 610 2365 tradimus?
629 2299 788 2382 quomodo
809 2319 862 2365 eos
882 2300 1003 2384 putatis
1024 2299 1131 2363 audire
1152 2299 1193 2382 de⁸
1208 2299 1328 2366 talibus
1348 2317 1415 2366 uer-

265 2408 354 2485 bum,
388 2426 450 2489 qua
479 2409 593 2484 mente,
623 2426 683 2489 quo
713 2425 810 2472 sensu
834 2406 917 2486 illos,
948 2406 1003 2489 qui
1036 2405 1193 2470 adulteria
1226 2405 1417 2473 conlaudant

265 2518 297 2580 et
321 2533 492 2599 puerorum
512 2518 622 2597 stupra
642 2519 736 2598 atque
757 2513 897 2579 omniurn
916 2513 1069 2579 uitiorum
1090 2531 1204 2596 genera
1223 2517 1416 2594 consecrant,

266 2621 320 2704 qui
340 2621 420 2686 nibil
439 2621 564 2686 omnino
584 2621 669 2686 ultra
688 2639 802 2703 corpus
823 2619 939 2685 sentire
955 2623 987 2685 et
1000 2619 1185 2702 intellegere
1199 2621 1346 2702 possunt,
1362 2619 1416 2699 qui

218 2745 247 2790 ao
265 2731 361 2812 paulo
386 2731 458 2792 ante
482 2728 544 2810 ipsi
568 2727 630 2791 sibi
654 2729 834 2792 statuerunt
858 2726 934 2793 deos
958 2726 1032 2791 illos
1056 2743 1136 2808 quos
1160 2745 1196 2790 ex
1219 2724 1416 2808 turpitudine

264 2835 457 2920 flagitiisque
491 2837 724 2920 cognoueraut?
756 2834 820 2899 ista
854 2833 935 2898 tales
968 2852 1070 2898 nonne
1103 2832 1209 2897 omnia
1240 2831 1415 2908 carnaliter,
1444 2843 1460 2894 2

264 2957 366 3008 noune
381 2943 486 3008 omnia
499 2942 636 3024 turpiter
649 2945 681 3007 et
695 2942 827 3024 inperite
842 2941 1049 3025 intellegent?
1073 2959 1174 3005 nonne
1189 2941 1225 3003 ut
1240 2959 1297 3004 sua
1312 2939 1416 3004 solent

264 3050 312 3116 ita
332 3053 441 3116 nostra
460 3050 634 3116 censebunt
654 3052 766 3132 etque
788 3049 913 3122 affectu,
935 3066 996 3131 quo
1017 3066 1112 3114 sensu
1133 3066 1264 3112 suorum
1284 3047 1415 3111 deorum

265 3157 484 3242 generationes
512 3160 545 3222 et
571 3156 710 3221 filiorum
737 3155 969 3239 procreationes
998 3154 1168 3236 accipiunt,
1198 3173 1234 3218 eo
1264 3168 1359 3219 sensu
1384 3155 1416 3218 et

217 3283 246 3326 aa
265 3265 381 3330 affectu
410 3265 506 3329 etiarn
536 3267 644 3330 nostra
666 3263 865 3346 pensabunt?
898 3281 999 3326 nonne
1024 3281 1096 3325 curn
1119 3261 1169 3324 illi
1192 3259 1415 3326 huiuscemodi

264 3371 428 3456 proferunt
451 3391 547 3436 uoces
572 3375 604 3436 et
625 3369 800 3435 inridemus
821 3388 874 3434 ees
895 3371 927 3434 et
944 3370 1179 3452 inpugnamus?
1205 3371 1237 3432 et
1257 3366 1413 3450 quomode

264 3497 319 3544 eos
348 3498 429 3562 quae
457 3483 565 3544 nostra
593 3481 668 3544 sunt
696 3478 856 3560 suscipere
881 3476 1155 3561 persuadebimus,
1179 3476 1207 3540 si
1231 3475 1268 3540 de
1294 3473 1413 3540 eisdem

357 3602 390 3657 10
410 3601 443 3656 cl.
462 3601 522 3656 Iob.
541 3603 565 3666 1,
584 3601 599 3656 '1

301 3708 541 3764 lueueramurO
596 3711 624 3763 et
641 3725 711 3764 erae.
730 3708 758 3764 R
799 3703 881 3778 iqui
899 3707 980 3761 Rae.
1017 3707 1142 3775 3suum]
1165 3701 1368 3759 adalandum
1391 3703 1417 3757 V

263 3795 405 3852 liniciati
424 3796 463 3852 Oa
522 3797 595 3851 stola
613 3795 760 3868 (icbqrcffi
781 3793 856 3852 sta'ca
874 3812 907 3850 erc
926 3792 1039 3849 stolaR
1093 3789 1308 3848 boneetatisU
1373 3793 1415 3845 in-

265 3887 390 3957 digentia
404 3888 431 3942 R
451 3885 551 3941 iudicia
571 3886 595 3940 V
630 3888 645 3940 7
667 3889 694 3940 et
713 3886 767 3956 (aab
784 3887 864 3956 λόγου
883 3884 927 3938 καὶ
945 3889 1057 3956 σιωπῆς)
1077 3885 1126 3939 alr.
1146 3900 1167 3938 a.
1189 3883 1206 3938 l.
1221 3883 1256 3950 R,
1277 3898 1326 3936 om.
1350 3879 1414 3936 OOv

264 3960 312 4031 dei
332 3975 444 4046 aliquod
464 3975 496 4042 de
516 3976 594 4030 nobis
612 3975 640 4030 R
660 3975 769 4045 aliquod
790 3974 836 4029 det
855 3974 933 4029 uobis
956 3974 984 4028 V
1000 3972 1104 4043 aliquid
1122 3989 1137 4026 c
1192 3972 1208 4026 8
1227 3970 1374 4040 relegionis
1392 3968 1415 4023 0

263 4068 281 4121 9
302 4061 402 4137 appell.
424 4065 627 4136 (appellationis
645 4064 676 4131 O)
695 4069 724 4119 et
742 4065 859 4118 uirtutes
879 4063 949 4123 horn.
970 4061 989 4119 f.
1010 4065 1052 4117 est
1069 4061 1132 4117 OGa
1174 4060 1207 4114 10
1223 4057 1413 4115 contemnendi

263 4155 291 4211 R
310 4155 474 4211 conterendi
496 4155 545 4210 00
600 4156 632 4209 13
652 4155 809 4209 scissionem
830 4152 985 4224 (draipecrvfl
1005 4152 1149 4207 scisiouem
1168 4151 1195 4205 R
1214 4150 1372 4205 scisciouem
1394 4147 1417 4200 U

265 4247 298 4300 14
312 4262 379 4300 uoce
397 4245 631 4316 profanusfirr.1d
703 4247 734 4298 ut
753 4260 804 4298 cm.
824 4244 849 4296 V
903 4243 936 4299 18
955 4253 1055 4313 genera
1075 4258 1126 4295 om.
1146 4241 1172 4294 V
1225 4241 1257 4295 19
1279 4242 1306 4294 et
1326 4237 1418 4306 quiV

264 4333 616 4406 ulnaqeeeppexrraom
671 4335 774 4402 etlaut
792 4333 854 4388 OU'a
891 4333 1122 4386 momumento
1177 4329 1265 4383 sueC
1299 4328 1333 4381 23
1349 4325 1412 4381 deo·

263 4441 322 4479 rum
343 4425 486 4479 suornmo
550 4425 585 4478 26
606 4428 633 4478 et
649 4441 692 4493 pr.
713 4440 764 4478 cm.
787 4423 850 4477 002>
905 4423 938 4476 27
959 4421 1131 4475 suadebimus
1155 4419 1181 4473 V
1234 4416 1417 4473 deisdemt'
