3228 4978
552 435 583 488 V.
603 435 638 488 In
658 439 763 490 semet
781 435 886 504 ipsum
908 435 1023 489 18-19.
1306 439 1368 502 189

219 629 276 712 qni
303 633 335 694 Ie
362 633 445 694 reete
469 629 520 694 hie
544 629 739 712 quaesierint
760 630 829 694 uita
853 633 885 695 ei
907 629 968 694 fide
992 630 1157 713 probabili.
1185 630 1244 694 tibi
1269 629 1370 713 glorie

219 739 253 800 et
276 738 418 817 petentes
441 736 473 799 in
499 737 625 802 saeeula
648 737 859 801 saeculorum.
907 756 1008 801 amen.

259 946 271 998 1
291 948 367 998 reete
388 945 461 1013 Ope.
480 962 496 999 e
604 947 661 1017 uiie
686 946 708 998 V
798 948 814 1000 2
832 945 970 1001 INCIPIT
988 947 1037 1000 DE
1056 944 1240 1000 HIEREMIA
1258 942 1369 999 DICTA

219 1033 437 1088 PRAESENTE
468 1033 704 1088 IMPERATORE
737 1035 834 1090 APUT
868 1034 971 1100 QUEM
998 1035 1043 1088 ET
1071 1032 1295 1089 INTERCEDIT
1322 1033 1370 1086 PR

219 1111 348 1188 OUODA
366 1120 631 1177 PERIOLITANTE
650 1124 677 1178 R
696 1124 833 1180 INCIPIT
848 1125 957 1178 LIBER
972 1123 1109 1180 SEXTUS
1123 1123 1172 1177 DE
1187 1121 1369 1176 HIEREMIA

220 1209 332 1266 DICTA
349 1210 563 1266 PRAESENTE
583 1212 826 1274 IMPERATORE.
844 1213 942 1268 APUD
963 1213 1064 1279 QUEM
1078 1212 1123 1266 ET
1137 1209 1369 1266 INTERCEDIT.

220 1300 291 1354 PRO
308 1289 435 1366 OUODA
450 1300 724 1356 PERICLITANTE.
743 1301 934 1356 FELICITER
956 1302 979 1355 0
997 1301 1167 1357 EXPLICIT
1186 1300 1296 1354 LIBER
1315 1287 1370 1355 SUI

220 1387 398 1444 GRECORII
411 1377 477 1444 EFI
495 1389 536 1444 IN
555 1390 672 1444 SEMET
691 1388 773 1445 IPSO
796 1390 847 1444 DE
868 1389 968 1446 ACRO
992 1389 1208 1445 REGRESSUS.
1231 1387 1368 1443 INCIPIT

218 1465 279 1531 LIB
291 1467 430 1533 EIUSDE
436 1479 484 1532 DE
498 1479 680 1534 IHEREMIA
694 1480 804 1536 DICTA
818 1480 1008 1536 PRESENTE
1022 1478 1257 1534 IMPERATORE
1271 1477 1369 1532 APUD
1441 1537 1442 1540 ,

219 1566 324 1632 QUEM
348 1567 392 1622 ET
414 1567 635 1623 INTEROEDIT
654 1569 724 1624 PRO
746 1559 872 1636 QUADA
888 1569 1139 1625 PERECLITATA
1157 1571 1184 1623 A
1203 1566 1369 1622 EXPLICIT

220 1655 328 1710 LIBER
346 1656 383 1720 V;
405 1655 544 1711 INCIPIT
562 1647 702 1713 EIUSDE
716 1658 826 1714 LIBER
848 1659 887 1715 VI
909 1659 959 1714 DE
978 1659 1158 1730 IHEREMIE
1181 1656 1303 1712 DICTIS
1322 1656 1368 1724 (IS

217 1745 251 1797 in
277 1749 346 1812 eae.)
370 1733 513 1800 PSENTE
542 1746 776 1803 IMPERATORE
804 1749 902 1805 APUD
932 1737 1011 1814 OUE
1036 1744 1269 1803 INTERCEDET
1296 1742 1367 1798 PRO

219 1821 349 1898 OUODX
374 1833 652 1902 PERIOLITANTE;
686 1837 713 1890 V
736 1837 904 1893 EXPLICIT
932 1837 983 1893 DE
1010 1837 1051 1891 IN
1083 1821 1286 1891 SEMETII’SU
1318 1831 1368 1886 DE

219 1921 514 1978 AGRO'REUIIRSO.
539 1925 677 1980 INCIPIT
700 1926 749 1980 DE
773 1926 954 1982 HIEBEMIA
972 1926 1083 1983 DICTA
1106 1921 1293 1978 PRESENTE
1312 1921 1367 1974 IM-

220 2009 415 2065 PERATORE
452 2011 708 2067 INTERCEDENS
740 2014 810 2069 PRO
845 2015 1002 2082 QUODAM
1032 2009 1313 2068 PARICLITANTA.
1348 2007 1371 2061 C

220 2099 340 2168 Explieii
357 2100 391 2154 de
409 2101 541 2170 semetipo
561 2101 594 2155 de
614 2119 679 2172 egro
698 2121 814 2163 reuerso.
833 2105 933 2175 Incipit
952 2105 985 2160 de
1003 2103 1114 2158 ieremie
1135 2101 1223 2155 dietie
1243 2100 1369 2170 presente

219 2189 385 2257 imperatore
403 2189 590 2245 intercedente
611 2208 658 2261 pro
679 2195 794 2264 quodam
812 2194 986 2263 perieIItanie
1004 2211 1020 2248 v
