3194 4982
634 421 686 476 ΙΙΙ.
705 422 751 476 Da
769 423 953 478 luminibus
974 425 1050 478 7-8.
1358 431 1419 496 117

268 617 388 684 tudinis
426 619 602 695 duceretur,
644 636 700 682 nec
737 618 821 682 ultra
857 638 987 700 prorsus
1025 620 1221 704 arguendum
1260 621 1421 686 uideretur·

270 725 354 808 quod
378 725 509 790 deorum
531 725 709 790 imitatione
734 726 911 808 gerebatur.

314 834 343 897 8.
365 831 467 898 Nobis
491 852 576 910 uero,
602 832 718 915 quibus
741 832 805 898 iam
830 833 961 899 donauit
984 835 1062 899 deus
1080 835 1185 900 labem
1205 835 1420 918 superstitiosi

269 939 382 1004 erroris
407 938 543 1023 effugere
568 942 600 1005 ct
622 939 653 1004 in
677 939 812 1006 ueritate
840 941 959 1005 seruire
988 941 1045 1006 deo
1075 942 1197 1007 uiuenti
1226 945 1257 1006 et
1285 961 1359 1008 nero
1389 947 1421 1008 et

235 1065 250 1110 s
270 1045 454 1130 supergredi
478 1049 572 1129 atque
597 1046 730 1112 euadere
753 1047 854 1112 totius
879 1051 1039 1114 creaturae
1058 1048 1182 1113 cultum
1201 1051 1234 1112 et
1253 1067 1420 1131 quaecum·

269 1172 329 1236 que
353 1155 522 1218 uersentur·
543 1153 576 1218 in
599 1156 742 1236 tempore
767 1158 863 1236 atque
886 1154 974 1236 ipsos
997 1154 1116 1237 primos
1137 1173 1284 1237 superare
1303 1158 1419 1236 motus,

269 1261 421 1326 debemus
445 1263 510 1326 tam
535 1259 628 1344 digne
651 1261 869 1342 philosophari
893 1261 931 1325 de
955 1260 1012 1326 deo
1038 1263 1070 1326 et
1098 1261 1136 1325 de
1165 1260 1282 1326 diuinis
1312 1261 1418 1340 rebus,

270 1387 364 1451 quarn
387 1386 445 1432 nos
470 1367 581 1432 edocet
604 1366 729 1432 diuinae
753 1367 927 1449 scripturae
952 1367 1092 1434 traditio.
1120 1367 1203 1432 unde
1228 1387 1302 1452 ergo
1327 1369 1418 1434 nobis
1447 1380 1462 1432 2

268 1473 482 1557 incipiendum
507 1477 557 1538 est
580 1473 642 1539 nisi
662 1474 704 1538 ab
729 1473 878 1557 hisquae
903 1475 1004 1557 prima
1028 1493 1099 1539 esse
1128 1474 1269 1540 omnium
1297 1475 1419 1558 sapien·

223 1599 250 1643 ιο
269 1580 415 1646 tissimus
435 1581 617 1665 pronuntiat
632 1580 802 1646 Salomon?
823 1581 868 1645 ait
886 1581 984 1647 enim:
1004 1581 1169 1646 initium
1189 1581 1418 1663 sapientiae

269 1689 390 1753 timor
405 1687 565 1754 domini.
581 1688 720 1770 primurn
734 1705 809 1772 ergo
824 1688 984 1753 incessum
1000 1690 1095 1770 atque
1111 1687 1232 1753 aditum
1248 1687 1286 1752 ad
1297 1687 1418 1770 sapien-

268 1794 346 1858 tiam
380 1793 431 1858 dei
462 1794 610 1858 timorem
643 1793 729 1858 dicit.
762 1812 821 1858 non
856 1794 937 1858 enirn
972 1811 989 1857 a
1020 1793 1143 1858 theoria
1176 1797 1208 1858 et
1238 1794 1418 1858 rationabili

267 1899 461 1983 inspectione
486 1902 648 1964 sumentes
672 1899 763 1964 initia
785 1900 817 1964 in
841 1899 987 1964 timorem
1011 1899 1175 1982 peruenire
1199 1898 1349 1964 debemus
1378 1899 1418 1964 ad

268 2006 372 2083 finem,
397 2007 546 2088 quoniam
570 2006 721 2072 scientiae
740 2005 931 2071 desiderium
951 2009 982 2071 et
1001 2005 1166 2088 inquisitio
1186 2006 1417 2088 quaestionum,

224 2133 251 2176 rs
269 2113 331 2177 nisi
353 2113 450 2178 timor
474 2113 525 2177 dei
548 2112 766 2195 praecesserit,
790 2113 958 2178 effrenatos
979 2112 1100 2178 animoa
1120 2113 1151 2176 in
1171 2131 1320 2196 praeceps
1340 2113 1416 2198 agit.

270 2221 298 2283 si
325 2240 401 2285 uero
429 2220 535 2284 anima
561 2220 686 2285 timoris
716 2219 766 2284 dei
793 2220 896 2302 prima
924 2220 1080 2285 elementa
1112 2220 1268 2302 suscipiat
1300 2223 1332 2286 at
1362 2239 1418 2304 per

269 2325 352 2391 hunc
376 2328 541 2411 purgatior
564 2331 605 2405 et,
634 2331 672 2392 ut
693 2327 738 2391 ita
762 2327 900 2406 dixerim,
929 2327 1077 2392 subtilior
1104 2327 1169 2404 fiat,
1197 2331 1272 2392 tunc
1300 2328 1417 2409 poterit

269 2433 308 2497 ad
340 2435 501 2516 superiora
535 2434 751 2500 conscendere.
789 2434 845 2499 ubi
877 2434 959 2499 enim
992 2434 1088 2499 timor
1120 2433 1170 2498 dei
1207 2438 1267 2514 est,
1304 2434 1348 2499 ibi
1385 2439 1417 2500 et
1445 2454 1460 2506 3

269 2539 449 2605 obseruatio
474 2541 705 2619 mandatorum,
729 2540 773 2605 ibi
797 2543 829 2605 et
851 2541 997 2624 purgatio
1022 2541 1134 2620 carnis,
1164 2560 1244 2623 quae
1269 2559 1303 2605 se
1326 2542 1416 2606 uelut

223 2667 251 2714 ao
269 2646 405 2711 crassior
419 2647 573 2730 quaedam
589 2651 620 2712 et
636 2647 799 2712 obscurior
812 2647 912 2711 nubes
928 2647 1049 2710 animae
1065 2646 1205 2712 obiciens
1221 2647 1415 2711 considerare

269 2769 338 2817 earn
361 2753 462 2818 diuini
485 2753 661 2838 splendoris
685 2754 790 2818 radios
809 2772 870 2818 non
890 2753 975 2818 sinit.
998 2753 1053 2817 ubi
1072 2757 1180 2817 autem
1199 2753 1302 2818 carnis
1322 2753 1416 2817 fuerit

267 2859 351 2924 facta
377 2861 535 2946 purgatio,
567 2861 614 2925 ibi
642 2859 791 2924 continno
821 2860 880 2923 erit
912 2863 944 2924 et
975 2859 1192 2936 inluminatio;
1220 2858 1276 2923 ubi
1308 2862 1414 2924 autem

267 2967 363 3032 fuerit
389 2967 599 3046 inluminatio,
633 2967 678 3031 ibi
705 2966 767 3031 iarn
798 2965 946 3031 desiderii
974 2969 1050 3031 uota
1077 2965 1265 3048 conplentur
1297 2968 1328 3029 et
1361 2985 1416 3048 per

359 3211 392 3264 ro
411 3211 491 3265 arou.
513 3212 535 3275 1,
556 3212 581 3265 ο.
601 3211 625 3274 ο,
647 3209 680 3263 ro

304 3351 491 3420 lduceretur]
513 3351 695 3406 diluereturo
786 3351 999 3421 urguendumO
1071 3351 1228 3422 2deorum]
1250 3351 1283 3406 de
1303 3359 1367 3406 eoru
1385 3350 1413 3405 R

265 3441 282 3495 3
301 3440 379 3494 nobis
399 3438 480 3510 (ἡμῖν)
493 3457 547 3510 per
565 3441 758 3495 attractionem
776 3441 892 3495 relatiua·
909 3441 1060 3510 inaeream]
1082 3457 1130 3495 nos
1154 3441 1179 3494 V
1280 3442 1298 3495 4
1317 3444 1345 3494 et
1358 3440 1413 3509 fia.

265 3543 351 3584 om.a
418 3530 607 3599 6nersantnr]
626 3529 775 3598 probantur
797 3529 834 3584 Co
906 3533 995 3584 motos
1015 3535 1042 3596 (u
1061 3547 1083 3584 a.
1103 3532 1151 3585 alt.
1172 3535 1196 3597 ο)
1216 3530 1271 3585 RO
1344 3528 1412 3582 lde

265 3618 314 3671 ait.
335 3633 386 3672 om.
410 3618 437 3671 V
497 3617 654 3672 diauinisO
708 3618 791 3687 Sper
811 3633 891 3687 quarn
910 3618 938 3671 A
996 3635 1045 3672 nos
1065 3635 1116 3674 om.
1138 3619 1175 3673 Co
1231 3618 1263 3674 10
1283 3619 1322 3673 ait
1341 3618 1412 3671 eninr

266 3705 298 3759 de
317 3707 413 3761 timore
433 3706 568 3762 dominio
621 3707 653 3760 12
672 3707 696 3761 A
714 3706 898 3761 renarrat
916 3710 950 3774 (a.
971 3725 986 3761 a
1005 3708 1101 3776 tcoric)
1126 3709 1152 3762 V
1219 3707 1333 3762 theorea
1351 3709 1372 3773 (i
1390 3723 1411 3760 a.

264 3799 290 3865 e)
312 3797 335 3854 O
450 3797 613 3852 rationabile
637 3796 680 3864 O(i
698 3813 718 3850 a.
739 3796 843 3862 a)Oa.c.
863 3797 1050 3852 inrationabili
1068 3799 1095 3850 A
1186 3797 1219 3850 13
1238 3797 1266 3850 in
1284 3797 1412 3850 timorea

266 3888 298 3942 14
317 3888 464 3956 inquesitio
484 3888 504 3957 (i
517 3903 538 3940 s.
555 3886 580 3956 e)
599 3885 621 3939 Ο
667 3885 700 3938 15
720 3885 767 3940 ubi
786 3885 868 3939 timor
887 3885 989 3940 domini
1008 3886 1119 3940 cesserit
1136 3902 1151 3940 ο
1216 3884 1366 3940 soffrenatcs
1389 3884 1412 3938 0

264 3977 297 4030 16
317 3977 445 4034 elimenta
463 3976 491 4032 R
510 3975 701 4030 aelimentaO
748 3975 780 4028 19
797 3981 862 4043 post
880 3973 1068 4028 mandatorum
1088 3973 1153 4028 add.
1172 3973 1216 4026 dei
1234 3974 1262 4027 A
1325 3975 1411 4028 carnis

262 4082 313 4120 om.
332 4067 360 4120 R
423 4066 457 4120 20
477 4064 607 4134 quaedam
627 4062 724 4117 om.G
811 4063 891 4116 nubis
914 4062 1034 4118 Onobis
1053 4062 1080 4115 A
1143 4063 1176 4116 21
1197 4062 1244 4116 ubi
1261 4062 1311 4116 bec
1329 4063 1412 4116 fuerit

262 4155 349 4209 carnis
368 4154 442 4208 iacta
460 4171 537 4224 purg.
556 4171 572 4208 o
591 4154 678 4207 carnis
697 4152 771 4206 facta
789 4152 872 4206 tuerit
890 4151 917 4204 A
936 4151 1010 4206 facta
1028 4151 1110 4205 inerit
1130 4152 1215 4204 carnis
1235 4151 1261 4204 V
1294 4152 1329 4204 22
1348 4168 1411 4220 pur·

263 4245 464 4312 gatio-autenr
485 4244 567 4298 inerit
586 4259 637 4296 om.
661 4241 687 4294 V
782 4242 834 4295 erit
853 4244 880 4294 et
899 4241 1174 4296 inluminatio—120.
1194 4243 1230 4294 13
1248 4241 1410 4310 sapientiam

262 4333 289 4385 in
308 4333 434 4402 mysterio
454 4331 640 4388 absconditam
660 4346 710 4384 om.
730 4332 757 4386 R
771 4335 836 4399 post
850 4330 936 4398 finem
948 4330 1020 4397 solii
1037 4331 1110 4383 uersi
1204 4331 1306 4400 autem]
1327 4330 1410 4386 heco
