3228 4978
283 503 349 564 214
803 495 917 550 Rufini

283 694 338 777 qui
374 693 451 758 lacit
482 691 588 758 omnia
620 695 652 756 et
685 693 860 756 commutat
891 694 986 773 atque
1019 690 1187 768 conuertit,
1221 695 1436 758 commutauit

283 801 379 866 etiam
411 800 534 864 luctum
568 801 712 863 nostrum
745 798 776 861 in
805 797 956 881 gandium
985 797 1076 863 nobis
1105 801 1137 862 et
1165 797 1309 880 disrupto
1340 819 1435 866 sacco

281 905 455 990 praecinxit
486 925 543 970 noe
571 903 704 980 laetitia,
738 922 795 968 nos
824 922 950 986 quoque
980 921 1052 968 cnm
1080 903 1145 968 illis
1175 905 1323 970 omnibus
1354 926 1435 988 quae

273 1014 475 1080 'transierunt
519 1011 667 1076 tristibus
715 1015 747 1075 et
788 1010 930 1101 aduersis
970 1011 1090 1092 pariter
1130 1011 1226 1076 etiam
1268 1012 1435 1078 silentium

283 1122 476 1205 deponamus
510 1125 542 1185 et
574 1119 770 1202 proferamus
802 1118 842 1182 ad
874 1137 932 1184 uos
965 1137 1048 1183 nunc
1074 1119 1212 1202 primum
1242 1139 1434 1197 sermonem,
1467 1141 1479 1181 e

283 1229 379 1292 immo
408 1227 516 1310 potius
543 1245 599 1309 per
625 1225 799 1308 gratiarum
827 1225 984 1289 actionem
1012 1224 1071 1290 deo
1098 1225 1189 1290 uerbi
1217 1227 1317 1291 nostri
1342 1228 1436 1293 uicti·

237 1341 254 1391 4
282 1355 366 1398 mam
391 1333 583 1417 iugulemus.
607 1331 685 1395 haec
710 1332 792 1396 enim
816 1351 835 1394 a
858 1331 949 1396 nobis
973 1329 1076 1395 offerri
1101 1331 1181 1397 dona
1205 1334 1311 1414 aptius
1334 1339 1384 1399 est
1404 1339 1436 1399 et

283 1441 409 1525 dignius
434 1458 529 1522 quam
553 1437 621 1501 auri
645 1437 830 1521 argentique
850 1437 987 1514 donaria,
1013 1457 1107 1520 quam
1127 1439 1263 1521 gemmis
1284 1442 1435 1522 pretiosis

283 1549 466 1612 ornamenta
494 1545 654 1610 distincta.
683 1543 790 1608 hostia
816 1543 894 1609 haec
921 1545 1017 1627 legali
1045 1544 1103 1607 ille
1124 1545 1231 1610 hostia
1254 1546 1381 1630 dignior
1405 1553 1437 1613 et

281 1653 516 1735 primitiuorum
555 1651 715 1715 oblatione
753 1651 915 1729 sacratior,
954 1669 1033 1732 quae
1069 1635 1304 1732 placebit'deo
1339 1674 1436 1739 super
1456 1671 1481 1713 ιο

283 1760 422 1824 uitulum
460 1758 624 1823 nouellum
657 1775 772 1822 cornua
805 1757 1031 1839 producentem
1064 1763 1096 1823 et
1127 1759 1276 1842 ungulas,
1314 1761 1437 1844 gratior

282 1867 410 1931 incenso
439 1863 613 1947 conposito,
646 1863 834 1928 holocausto
858 1863 1007 1941 nobilior,
1039 1883 1137 1947 super
1162 1866 1252 1929 milia
1280 1886 1433 1951 agnorum

282 1972 450 2057 pinguium
470 1969 639 2054 acceptior,
664 1970 779 2052 quibus
797 1970 986 2035 inbuebatur
1005 1972 1058 2035 uel
1075 1972 1260 2037 initiabatur
1278 1977 1434 2056 paruulus

283 2080 413 2158 Israhel,
452 2097 524 2142 cum
556 2078 587 2142 in
621 2077 800 2142 carnalibus
833 2078 975 2142 uictimis
1008 2076 1278 2144 adumbrabantur
1308 2081 1434 2147 hostiae

284 2184 452 2268 spiritales.
1454 2206 1479 2248 ro

330 2295 360 2356 5.
384 2291 473 2355 Hanc
497 2311 555 2375 ego
584 2291 695 2375 iugulo
724 2291 889 2355 uictimam
919 2293 987 2371 deo,
1015 2293 1094 2357 haec
1123 2312 1181 2377 ego
1210 2292 1293 2358 dona
1325 2295 1433 2372 offero,

284 2417 364 2480 quoe
402 2398 480 2462 mihi
518 2398 587 2462 sola
619 2398 782 2480 dereliqui,
821 2416 901 2479 qnae
934 2399 1021 2463 solae
1054 2402 1130 2463 sunt
1162 2399 1294 2464 diuitiae
1327 2420 1433 2478 meae;

284 2516 388 2572 cetera
411 2505 494 2571 enim
518 2485 694 2589 relinquere
718 2506 821 2570 suasit
839 2505 979 2569 mandati
996 2506 1109 2590 religio
1129 2509 1162 2570 et
1180 2507 1311 2590 spiritus
1332 2510 1436 2574 sancti

284 2613 498 2686 commonitio,
536 2617 572 2678 ut
608 2632 703 2677 unam
741 2613 911 2695 pretiosam
950 2613 1153 2696 margaritam
1190 2633 1245 2696 pro
1284 2616 1434 2680 omnibus

283 2727 522 2794 commutarem,
547 2719 574 2783 si
598 2738 660 2800 quo
684 2718 777 2784 modo
797 2720 879 2784 forte
898 2719 981 2783 ellici
999 2738 1128 2802 possem
1147 2721 1327 2803 negotiator
1344 2723 1435 2806 regni
1453 2738 1479 2780 eo

283 2829 451 2904 caelorum,
484 2827 539 2908 qui
572 2826 832 2909 corruptibilibus
865 2828 897 2890 et
923 2828 1030 2908 paruis
1059 2845 1173 2911 magna
1200 2831 1233 2891 et
1260 2847 1433 2912 numquam

238 2943 254 2992 a
283 2933 510 3018 corrumpenda
532 2951 697 2998 mercarer.
722 2931 841 2997 suflicit
865 2952 938 3017 ergo
963 2933 1039 2997 haec
1063 2933 1142 2996 mihi
1166 2933 1234 2998 sola
1253 2935 1343 2998 uerbi
1362 2953 1434 3017 pos-

284 3041 395 3115 sessio,
426 3040 499 3122 quia
527 3043 559 3105 et
587 3039 675 3104 solus
700 3040 789 3104 uerbi
813 3039 933 3104 sufficit
956 3041 1072 3104 cultus.
1102 3043 1134 3106 et
1158 3043 1243 3123 opto,
1274 3041 1302 3104 si
1326 3041 1435 3106 faueat

284 3152 315 3211 et
337 3147 428 3211 iuuet
451 3147 558 3212 diuina
582 3146 746 3230 sapientia,
771 3147 851 3211 banc
875 3165 999 3229 semper
1023 3148 1162 3212 excolere
1185 3149 1434 3229 possessionem,

375 3392 387 3442 1
411 3389 443 3443 er.
463 3390 507 3446 rs.
528 3391 571 3457 ao,
592 3391 624 3442 m
681 3390 715 3442 ro
734 3388 767 3445 er.
786 3389 831 3442 Pe.
851 3389 894 3453 es,
914 3391 948 3443 aa
1004 3391 1038 3444 19
1057 3391 1091 3444 er.
1110 3391 1210 3444 111111.
1230 3392 1273 3460 13,
1291 3393 1327 3445 45
1347 3409 1387 3462 sq.

320 3516 422 3569 lhaeo
441 3516 532 3570 omnia
555 3514 581 3568 V
633 3517 771 3569 conmutat
788 3513 869 3568 Reae.
926 3514 1104 3569 commutabit
1123 3514 1232 3584 V,Oo.c.
1269 3515 1384 3570 2etiam
1406 3521 1434 3569 et

283 3605 385 3658 luctum
405 3603 433 3657 R
523 3603 632 3674 dirupto
652 3602 707 3658 RA
779 3603 981 3672 3praecincxit
999 3604 1027 3657 A
1102 3604 1277 3658 tollentium
1297 3604 1432 3676 (ororrqo)]

284 3693 395 3746 silentia
413 3693 441 3748 R
460 3697 489 3746 et
507 3692 646 3746 silentium
664 3695 691 3745 A
786 3693 802 3745 9
821 3691 872 3746 bac
890 3693 917 3746 A
1025 3691 1109 3762 legali
1129 3693 1270 3764 (ropraqffl
1290 3693 1389 3761 legalis
1412 3693 1435 3747 O

284 3782 371 3851 regali
388 3781 425 3836 Oc
462 3782 496 3836 10
511 3782 666 3836 oblationes
681 3782 754 3836 (lac.
794 3782 825 3835 ll
842 3781 981 3835 nouellum
1000 3781 1080 3848 (νέον)
1096 3780 1190 3837 om.R
1245 3781 1434 3851 gratie-eorA

286 3871 319 3924 12
338 3871 434 3925 inceno
456 3871 493 3925 Oc
576 3869 609 3923 13
629 3870 759 3939 pinguum
778 3868 806 3923 R
895 3869 1059 3924 induebatur
1078 3871 1105 3923 A
1194 3869 1355 3924 iniciebatur
1373 3871 1436 3936 (al

286 3956 393 4028 utebai)
412 3959 542 4030 paruulus
559 3963 590 4025 (e.
609 3959 736 4028 populus)
750 3958 778 4013 R
818 3959 892 4012 14111
908 3975 979 4012 carn.
998 3959 1062 4013 niet.
1083 3964 1150 4025 (ταῖς
1170 3958 1284 4031 troipas
1301 3958 1433 4030 boclam]

284 4049 466 4103 incarnalibus
486 4048 550 4102 uict.
571 4047 655 4102 ROV
716 4047 749 4101 15
768 4047 901 4116 spiritalis
923 4046 995 4102 Orac.
1015 4048 1171 4117 spirituales
1190 4050 1218 4102 A
1285 4048 1319 4100 16
1339 4049 1389 4120 hec
1407 4052 1435 4102 A

286 4155 350 4208 ergo
365 4136 479 4205 R,Ca.c.
553 4136 587 4190 18
607 4134 693 4189 suasit
711 4135 829 4189 medatis
848 4136 962 4189 uictima
980 4137 1026 4189 nbi
1045 4137 1142 4205 religio
1161 4153 1177 4190 o
1249 4137 1353 4206 relegio
1373 4139 1394 4207 (i
1412 4157 1434 4193 o.

287 4227 354 4295 th
426 4228 590 4296 sactispso
644 4226 679 4281 20
698 4227 799 4295 possim
822 4224 913 4280 OAGo
967 4227 1000 4279 21
1022 4228 1120 4297 qqu
1192 4234 1434 4296 magnaetnum-

288 4332 367 4383 quam
392 4315 586 4385 corrumpenda
609 4317 653 4384 (τὰ
676 4315 777 4386 μεγαλα
800 4317 844 4369 καὶ
870 4316 907 4386 μὴ
934 4314 1070 4388 inciperet]
1099 4331 1198 4385 magua
1225 4319 1252 4384 (a
1275 4317 1328 4385 fin.
1357 4335 1390 4371 ex
1409 4321 1435 4386 e)

287 4419 419 4469 nusquam
443 4403 638 4472 corrumpenda
656 4405 684 4458 R
738 4403 772 4456 23
792 4403 902 4458 obtoC
973 4405 1112 4460 sicano
1164 4404 1199 4458 al
1219 4410 1248 4458 et
1265 4405 1336 4460 banc
1354 4405 1382 4460 R
