3204 4996
553 450 574 504 1.
595 451 837 520 Apologetious
857 453 937 506 5-7.
1276 461 1316 522 .11

169 666 243 711 cum
271 646 304 710 id
332 643 410 711 mibi
442 644 577 729 inpediri
609 646 762 712 uiderem.
787 648 870 730 quod
905 666 964 731 ego
998 667 1016 712 a
1047 649 1201 734 principio
1235 651 1320 716 uitae

168 773 259 820 meae
287 753 492 838 singulariter
523 753 617 818 dilexi
644 758 677 818 et
708 754 740 818 in
772 755 897 840 magnis
929 755 1138 840 maximisque
1169 759 1320 840 periculis

170 860 228 926 deo
257 859 344 926 uoui.
378 860 470 925 cuius
498 859 652 925 desiderio
687 879 722 926 eo
756 862 893 944 amplius
927 863 1115 943 concitabat,
1148 883 1210 947 quo
1242 866 1365 929 mibi3

168 968 233 1032 iam
256 967 389 1032 uidebar
412 968 481 1032 eius
504 967 611 1032 saltim
634 967 760 1033 ianuam
785 969 966 1054 contigisse,
995 974 1089 1052 atque
1117 972 1188 1035 inde
1217 973 1320 1038 acrius

135 1073 372 1153 sarcerdote,
406 1093 440 1138 er
470 1093 530 1157 quo
558 1074 638 1138 mihi
665 1075 788 1140 notiora
817 1076 885 1140 eius
912 1076 995 1142 bona
1027 1076 1152 1142 fiebant.
1186 1087 1218 1142 et
1248 1079 1320 1143 ideo
1400 1143 1401 1146 ,

169 1200 229 1245 non
258 1181 320 1244 tuli
346 1199 397 1244 me
426 1180 583 1244 uiolenter
609 1181 790 1246 in-medias
818 1181 928 1246 turbas
961 1182 1099 1264 pertrahi
1131 1185 1320 1267 populorum

170 1290 203 1352 et
225 1287 316 1352 uelut
344 1287 382 1350 de
410 1287 530 1370 templo
560 1287 697 1369 quodem
726 1288 843 1371 quietis
871 1290 1082 1356 tumultuosis
1110 1291 1196 1356 uitae
1224 1291 1320 1356 huius

168 1393 349 1477 fragoribus
375 1393 467 1458 obici.

216 1503 245 1565 7.
267 1499 357 1566 Nihil
381 1500 464 1565 euim
487 1519 520 1564 re
547 1519 624 1565 uera
652 1501 732 1566 mihi
758 1502 797 1565 ad
824 1503 950 1567 beatam
979 1501 1077 1566 uitam
1105 1505 1321 1587 praestantius

121 1627 150 1670 ro
170 1607 339 1672 uidebatur
371 1626 466 1689 quam
498 1607 590 1672 uelut
623 1608 740 1673 clausis
774 1609 953 1673 carnalibus
987 1608 1133 1674 sensibus
1167 1613 1199 1674 et
1236 1613 1322 1676 extra

170 1733 295 1780 carnem
319 1714 538 1798 mundumque
563 1715 711 1780 effectum
737 1716 915 1798 quempiam
939 1715 971 1778 in
995 1716 1225 1799 semetipsum
1250 1735 1321 1782 con·

168 1823 262 1897 uerti,
290 1821 323 1886 id
347 1825 397 1886 est
420 1839 496 1886 suos
520 1840 633 1887 sensus
657 1825 751 1904 atque
775 1823 897 1887 animos
921 1821 1097 1905 conspicari
1120 1821 1323 1905 alienumque

170 1927 319 1992 effectum
343 1946 361 1992 a
387 1928 569 1993 mortalium
599 1928 684 1994 curis
712 1927 773 1992 sibi
801 1928 862 1993 soli
889 1929 978 2011 loqui
1006 1932 1039 1993 et
1067 1925 1135 2007 deo,
1165 1933 1202 1994 ut
1229 1930 1322 1995 altior

169 2034 294 2100 cunctis
313 2033 497 2100 uisibilibus
515 2034 620 2100 lactus
638 2038 777 2101 mentem
797 2054 887 2100 suam
905 2037 1027 2117 repleat
1042 2036 1158 2101 diuinis
1174 2038 1321 2102 sensibus

123 2163 151 2207 15
171 2145 203 2206 et
236 2141 428 2206 caelestibus
460 2142 570 2208 formis
604 2143 723 2224 absque
759 2143 826 2206 ulla
862 2143 1053 2208 admixtione
1089 2146 1211 2208 terrena
1247 2163 1321 2208 uere

170 2248 337 2328 speculum
373 2248 601 2313 inmaculatum
639 2249 770 2314 effectus
807 2249 955 2334 imaginis
990 2249 1040 2314 dei
1078 2254 1110 2314 et
1146 2269 1183 2315 ex
1218 2251 1321 2334 ipsius

169 2354 290 2420 lumine
315 2374 439 2438 semper
465 2357 573 2420 lumen
602 2356 769 2438 accipiens,
797 2355 942 2440 auspicia
970 2357 1122 2440 quaedam
1150 2359 1204 2422 uel
1230 2358 1323 2422 initia

170 2461 271 2527 futuri
299 2461 332 2526 in
365 2466 467 2528 semet
494 2463 565 2546 ipso
598 2463 716 2528 saeculi
753 2464 856 2528 ferens
894 2467 988 2546 atque
1020 2464 1051 2528 in
1089 2465 1180 2529 terris
1219 2465 1321 2530 adhuc

171 2569 295 2652 positus
318 2570 478 2635 consortio
503 2570 734 2652 quodammodo
759 2571 921 2653 perfruens
950 2571 1144 2654 angelorum,
1173 2571 1323 2655 despecta
1380 2557 1382 2561 ¹

123 2698 153 2741 no
173 2695 209 2740 aa
233 2677 383 2742 derelicta
405 2677 577 2762 fragilitate
601 2680 724 2742 terrena
747 2677 785 2741 ad
809 2695 945 2759 superna
967 2681 1000 2741 et
1024 2677 1172 2741 caelestia
1191 2678 1323 2759 spiritus

175 2784 276 2848 sancti
301 2783 510 2850 subnectione
537 2785 707 2850 transferri.
738 2786 767 2849 si
794 2785 866 2868 quia
894 2785 975 2848 forte
1005 2787 1148 2849 uestrum
1178 2784 1322 2847 huiusce·
1351 2790 1367 2843 2

173 2890 260 2956 modi
283 2891 399 2956 amoris
424 2891 593 2974 aliquando
619 2891 719 2956 sensit
742 2891 894 2966 ardorem,
920 2891 981 2955 scit
1005 2909 1084 2972 quae
1104 2889 1174 2955 dioo
1195 2895 1226 2954 et
1245 2907 1324 2972 quas

174 2998 288 3079 loquor
319 2998 465 3082 agnoscit
496 3001 530 3063 et
561 3017 657 3081 quare
693 2999 896 3081 perturbatus
935 2997 994 3061 sim
1033 2995 1123 3062 nouit
1159 3014 1195 3061 ao
1232 2995 1325 3060 facile

176 3103 302 3168 ueniam
326 3103 423 3168 dabit.
451 3106 564 3170 ceteris
589 3107 695 3168 autem
725 3123 785 3171 non
815 3123 867 3169 ero
896 3103 1013 3168 nimius
1037 3103 1069 3166 in
1098 3101 1325 3182 satisfactione,

126 3211 294 3293 siquibus
317 3211 463 3276 fortassis
487 3211 707 3277 huiuscemodi
733 3229 844 3291 sermo,
869 3211 944 3275 dum
965 3228 1045 3292 opus
1065 3209 1134 3274 eius
1152 3210 1326 3294 ignoretur,

177 3319 272 3382 etiam
302 3318 421 3383 derisui
449 3337 519 3384 esse
547 3321 663 3402 potest,
698 3323 729 3383 et
756 3318 806 3383 his
839 3317 1007 3402 praecipuo
1040 3316 1155 3399 quibus
1188 3316 1327 3380 inuidiae

175 3426 309 3509 languor
338 3429 423 3490 recte
455 3425 617 3492 iudicandi
648 3425 812 3510 praepedit
845 3444 989 3499 sensum;
1024 3428 1056 3489 et
1088 3423 1174 3508 operi
1207 3423 1326 3506 optimo

177 3521 342 3598 uitiosum¹
359 3551 473 3599 nomen
499 3533 647 3617 infligunt
674 3532 908 3615 philosophiam
941 3529 1143 3596 cenodoxiam
1176 3532 1328 3594 uocantes

271 3781 302 3836 13
322 3781 356 3836 cf.
374 3780 388 3833 I
408 3779 468 3836 Cor.
490 3779 533 3848 14,
553 3779 586 3832 28
643 3779 676 3832 16
697 3777 730 3832 cs.
751 3778 813 3848 Sap.
834 3779 858 3846 7,
880 3775 913 3830 26

217 3925 291 3996 lid]
311 3923 355 3978 hic
376 3923 501 3978 Ghocv
574 3921 696 3992 inpedire
718 3919 767 3974 OC
820 3919 919 3988 3quo]
940 3917 1012 3988 quod
1036 3919 1063 3971 V
1114 3914 1241 3969 isaltim
1264 3919 1330 3980 (ea.

180 4015 246 4081 i)O
318 4013 440 4084 adquae
464 4012 490 4065 V
543 4012 576 4065 12
596 4027 689 4064 sensos
708 4013 776 4075 (ua.
797 4007 868 4078 o)0
919 4007 952 4061 13
972 4005 1089 4061 eiectum
1112 4005 1186 4060 Cos.
1258 4019 1330 4056 mor·

180 4104 282 4158 talibus
300 4103 328 4158 R
438 4119 466 4156 se
486 4101 538 4154 sibi
560 4099 598 4154 Oc
686 4099 719 4152 15
739 4097 933 4151 amixtioneV
1023 4095 1057 4148 19
1077 4093 1200 4163 dispecta
1222 4091 1331 4160 O‚Oo.c.

181 4194 216 4248 20
236 4193 279 4262 ad]
300 4209 365 4247 aco
420 4191 454 4245 23
474 4191 516 4260 ac]
536 4194 564 4244 et
587 4189 614 4242 V
666 4189 701 4241 24
719 4189 747 4240 in
767 4185 1029 4240 satisfactionemV
1086 4181 1235 4238 aeditimi
1258 4179 1331 4235 Coc.

182 4284 240 4349 ciue
267 4281 300 4352 (a.
325 4279 444 4352 esse)O
553 4293 612 4332 esse
635 4277 729 4331 multia
753 4279 882 4345 potesta
996 4272 1093 4343 quibus
1121 4267 1336 4344 praecipuaeV
1385 4266 1387 4270 ’

182 4372 216 4426 28
235 4369 406 4440 filosophiam
425 4369 452 4424 R
471 4367 649 4438 phylosodam
671 4365 694 4418 0
