3214 4988
254 419 296 482 32
773 414 891 468 Rufini

253 609 337 674 enirn
360 628 420 674 non
443 610 489 674 ita
513 612 623 692 putere
648 629 681 674 se
705 629 964 693 unumquemque
984 611 1104 676 deferre
1125 611 1182 678 deo
1203 613 1295 694 patri,
1320 616 1356 678 nt
1374 632 1404 677 er

253 716 376 780 auferat
399 716 458 782 hoc
481 717 586 800 ipsum
614 716 698 800 quod
719 721 810 799 peter
829 721 940 782 est-
959 719 1051 783 cuius
1071 718 1153 784 enim
1174 719 1235 784 erit
1258 723 1356 804 peter,
1376 721 1404 784 si

253 823 292 888 eb
324 842 361 887 eo
393 826 504 888 natura
535 823 593 889 filii
625 827 788 906 separetur
821 827 852 888 et
884 824 1035 888 creaturis
1073 824 1204 907 reliquis
1242 826 1402 890 societur?

253 949 314 994 non
339 929 421 995 enim
444 930 504 995 hoo
527 934 576 994 θεῖ
599 929 701 994 filium
725 949 795 994 esse
819 931 871 994 uel
894 931 1023 995 alienari
1046 949 1064 994 a
1087 936 1176 1014 petre
1199 933 1252 996 uel
1277 933 1403 997 commi-

254 1036 333 1101 sceri
348 1056 383 1102 eo
397 1037 522 1102 refundi
537 1037 568 1100 in
583 1041 705 1118 petrem
722 1074 774 1114 -‚
790 1055 891 1119 neque
905 1056 1032 1102 rursum
1047 1040 1171 1102 tentum
1185 1043 1297 1121 putere
1313 1059 1402 1123 egere
1438 1060 1452 1101 o

252 1163 309 1226 pro
343 1143 477 1222 Christo,
515 1147 551 1207 ut
582 1162 683 1225 neque
717 1144 780 1226 ipsi
813 1146 957 1208 seruetur
989 1163 1058 1210 esse
1096 1145 1180 1227 quod
1217 1145 1304 1210 filius
1341 1148 1402 1221 eet;

254 1251 345 1314 cuius
370 1251 452 1314 enim
478 1251 537 1314 erit
559 1250 656 1326 filius,
685 1251 712 1314 si
737 1270 797 1315 non
822 1251 909 1336 origo
939 1269 997 1315 sua
1024 1251 1177 1316 referatur·
1204 1252 1243 1317 ed
1270 1256 1402 1335 patrem,

253 1361 291 1421 ut
314 1358 357 1422 sit
379 1358 433 1423 ille
458 1358 512 1439 qui
536 1357 648 1442 genuit
672 1361 702 1421 et
725 1358 787 1422 iste
815 1357 858 1420 sit
886 1357 941 1439 qui
970 1361 1019 1422 est
1047 1377 1083 1422 ex
1109 1358 1165 1422 illo
1194 1359 1402 1442 progenitus?

208 1469 225 1521 2
254 1463 341 1548 origo
374 1464 456 1527 enirn
489 1467 579 1543 peter
611 1465 662 1526 est
693 1480 754 1526 nou
793 1462 898 1546 exigui
936 1463 1072 1528 alieuius
1110 1467 1142 1528 et
1177 1463 1311 1548 indigni,
1349 1465 1404 1528 sed

253 1570 381 1634 deitatis
418 1573 450 1634 θῖ
488 1570 638 1636 bonitatis
681 1570 768 1652 origo
811 1572 870 1644 θεῖ,
913 1588 992 1650 quae
1033 1569 1064 1634 in
1106 1569 1171 1634 filio
1215 1575 1246 1635 et
1288 1571 1401 1654 spiritu
1420 1593 1449 1634 ro

253 1680 362 1742 sancto
389 1677 587 1762 intellegitur
615 1681 646 1739 et
679 1676 825 1752 sentitur,
857 1677 888 1740 in
921 1677 976 1741 illo
1009 1677 1100 1741 uelut
1132 1677 1196 1741 filio
1231 1681 1263 1742 et
1295 1679 1402 1752 uerbo,

252 1784 284 1848 in
311 1785 372 1848 hoc
400 1786 490 1849 uelut
519 1783 633 1864 spiritu
661 1784 699 1847 ab
727 1783 798 1866 ipso
827 1783 1024 1866 procedente.
1056 1783 1161 1848 etita
1188 1784 1403 1850 necessarium

253 1895 312 1968 θεῖ,
337 1896 373 1955 ut
397 1894 429 1954 et
451 1909 550 1954 unum
575 1889 669 1954 deum
694 1890 869 1956 secundum
893 1890 1061 1954 ueritatem
1086 1890 1285 1956 substantiae
1308 1890 1403 1954 fatea-

251 2018 323 2062 mur
347 2000 379 2060 θῖ
402 1999 522 2079 petrem
546 2014 583 2058 oo
606 1993 707 2060 filium
732 2000 763 2060 et
787 1996 934 2077 spiritum
954 2000 1098 2061 sanctum
1118 1997 1148 2060 in
1170 2016 1228 2062 sue
1247 2016 1403 2080 quemque

253 2104 428 2167 subsistere
453 2102 632 2166 substantia
655 2103 841 2167 sentiamus.
1420 2117 1448 2160 ιε

298 2210 349 2272 39.
378 2209 465 2272 Haeo
493 2209 565 2290 pius
593 2209 728 2273 fortasse
757 2229 849 2292 quem
882 2213 1010 2292 tempus
1044 2209 1168 2274 sinebat
1199 2209 1424 2293 protraxerim·

252 2316 364 2380 uolens
388 2315 441 2378 uel
465 2315 565 2379 uitam
595 2315 646 2378 uel
675 2334 851 2380 sermonem
880 2316 932 2380 uel
960 2316 1159 2380 intellectum
1188 2315 1403 2380 demonstrare

254 2423 322 2486 eius
355 2421 409 2503 qui
442 2423 568 2505 populis
601 2426 736 2505 praeest,
774 2441 835 2504 quo
869 2423 972 2504 pessit
1004 2423 1035 2485 in
1071 2425 1207 2504 utroque
1243 2422 1401 2504 perfectus

252 2530 320 2594 fieri
348 2529 565 2594 habitaculum
598 2529 729 2610 spiritus
763 2530 873 2608 sancti,
907 2549 962 2612 per
995 2548 1091 2611 quem
1123 2530 1227 2594 solum
1261 2529 1338 2594 deus
1372 2535 1404 2594 θῖ

252 2637 450 2721 intellegitur
482 2641 514 2701 et
545 2637 770 2720 interpretetur
802 2641 834 2701 et
871 2636 1006 2701 auditur.
1043 2635 1230 2701 mundorum
1268 2655 1402 2719 nemque
1420 2651 1446 2692 20

254 2748 304 2809 est
331 2743 483 2808 mundum
513 2745 694 2826 contingere
723 2747 757 2808 et
784 2747 964 2808 sanctorum
993 2748 1043 2808 est
1070 2747 1179 2807 sancte
1206 2761 1403 2828 cognoscere.

209 2855 225 2908 2
254 2851 478 2933 sciendumque
506 2850 588 2914 illud
616 2850 647 2914 iu
681 2851 790 2933 primis
824 2855 873 2913 θεῖ
905 2851 990 2932 quod
1022 2849 1206 2932 perdifficile
1239 2839 1403 2932 negotium

253 2963 302 3023 est
329 2960 361 3022 in
391 2957 595 3023 multitudiue
623 2959 775 3040 permixte
804 2961 899 3038 atque
929 2957 1063 3033 diuersa,
1098 2956 1154 3020 ubi
1187 2958 1220 3020 et
1253 2960 1340 3020 aetes
1372 2959 1403 3019 et

251 3064 412 3128 institutio
441 3064 539 3139 uarie,
572 3064 610 3128 de
643 3062 760 3127 talibus
795 3062 1009 3145 disputantem
1043 3066 1075 3126 et
1108 3061 1198 3126 uelut
1230 3062 1401 3125 multarum

254 3170 439 3234 chordarum
468 3170 624 3253 quandam
653 3169 804 3233 citharam
833 3167 997 3231 ferientem
1030 3168 1169 3231 inuenire
1201 3171 1234 3231 et
1265 3167 1401 3249 proferre
1419 3185 1445 3228 ss

345 3433 373 3487 11
397 3432 429 3486 oi.
449 3432 509 3486 Ich.
532 3433 553 3499 1,
575 3431 588 3483 1
647 3429 679 3483 12
699 3429 732 3484 of.
754 3430 811 3483 ioh.
833 3430 874 3497 15,
894 3429 928 3484 26

291 3609 432 3664 ldifferre
455 3607 526 3662 Oce.
591 3604 771 3660 2offeret0
844 3605 943 3658 etenirn
968 3604 994 3655 V
1056 3603 1221 3656 decoctoris
1241 3606 1270 3672 (u
1289 3622 1310 3657 ε.
1331 3603 1403 3671 ο)0

253 3697 270 3751 4
293 3697 379 3750 filium
403 3713 461 3750 esse
484 3695 511 3748 R
530 3711 588 3748 esse
607 3694 692 3747 filiurn
714 3700 796 3748 ceto
886 3708 931 3760 pr.
952 3692 996 3746 uei
1021 3708 1072 3745 om.
1097 3691 1122 3742 V
1210 3690 1306 3745 alineri
1328 3691 1401 3746 Oec.

254 3787 356 3856 dipsis
375 3785 402 3840 R
422 3784 496 3838 illio
587 3784 687 3852 tinen]
709 3799 792 3836 neco
894 3782 927 3835 14
946 3783 987 3850 ec]
1009 3785 1037 3833 et
1058 3780 1095 3834 Oc
1182 3782 1215 3834 15
1235 3781 1400 3849 substantie]

253 3875 433 3928 subsistentis
451 3873 479 3927 R
498 3872 675 3928 subsistentis
698 3872 731 3933 V,
750 3887 801 3924 oon.
820 3872 847 3923 A
940 3870 972 3922 18
992 3870 1057 3939 quo]
1079 3870 1124 3938 qui
1148 3869 1198 3922 ΘΑ
1283 3870 1315 3922 19
1334 3868 1402 3922 feeri

253 3966 332 4020 Boc.
405 3980 453 4032 per
472 3978 551 4030 quern
571 3960 658 4013 solum
677 3951 711 4032 (ᾧ
732 3959 815 4031 μόνῳ)
831 3959 915 4013 RAV
933 3976 982 4028 per
1002 3975 1082 4028 quern
1101 3959 1175 4011 solue
1193 3956 1256 4011 odo
1320 3958 1355 4011 20
1374 3961 1402 4010 θῖ

248 4072 294 4123 pr.
318 4070 368 4107 om.
392 4068 408 4105 e
517 4050 676 4104 r‘nundorum
702 4041 762 4118 ecp.
789 4049 812 4101 0
909 4049 942 4101 22
967 4047 1080 4101 difficile
1099 4048 1127 4101 R
1151 4047 1305 4116 perdeficile
1327 4047 1402 4100 Cae.

253 4145 287 4194 23
308 4147 336 4194 θῖ
355 4146 420 4194 ante
439 4143 514 4193 aetas
534 4155 584 4192 om.
605 4139 631 4190 A
695 4139 730 4191 24
749 4138 836 4205 uarie]
858 4137 923 4190 add.
944 4140 984 4190 est
1006 4136 1056 4190 ΟΔ
1120 4137 1155 4191 25
1174 4135 1312 4190 cordarum
1334 4135 1360 4205 (h
1380 4152 1401 4189 e.

254 4230 375 4296 add.)R
395 4228 576 4282 cordarumV
666 4226 780 4295 quamde
801 4230 836 4290 (ru
855 4228 887 4279 tn
904 4243 969 4290 res,
990 4225 1024 4279 dd
1042 4227 1073 4279 in
1092 4226 1195 4295 opole
1262 4225 1400 4295 cytheram

254 4320 324 4373 RAo
344 4317 494 4371 ohitharam
514 4318 542 4386 (h
557 4321 623 4385 poet
641 4319 654 4368 ῖ
672 4320 704 4380 s.)
727 4316 751 4369 0
