3214 4988
557 453 578 506 l.
599 452 841 524 Apologetious
863 453 976 507 12-15.
1302 461 1341 523 17

193 667 344 728 nimquam
363 647 501 729 aliquem
520 647 611 712 nobis
630 648 786 713 factorum
806 648 961 713 bonorum
981 649 1074 713 finem
1090 653 1144 714 aut
1159 650 1343 734 proficiendi

191 754 361 818 terminum
394 754 546 834 positum,
584 773 641 819 neo
673 755 719 818 ita
752 758 788 818 ut
819 757 944 820 luorum
978 755 1119 820 ducenda
1152 739 1343 840 sunt'quae

190 865 276 926 recte
300 860 390 926 nobis
415 863 506 944 gesta
529 863 602 925 sunt
626 881 719 943 quam
744 861 931 926 detrimento
952 863 1151 944 conputanda
1171 868 1245 928 sunt
1264 884 1343 946 quae

190 967 331 1032 nondum
353 967 474 1050 inplere
498 968 669 1032 ualuimus.
693 972 726 1033 et
749 987 898 1033 ascensus
922 969 1013 1032 nobis
1034 969 1162 1051 quidam
1181 971 1342 1052 putandus

155 1079 240 1138 uest
263 1074 331 1138 uita
354 1074 442 1150 haec,
467 1093 503 1138 ex
528 1094 589 1157 quo
614 1074 693 1138 nihil
715 1075 812 1140 refert
835 1075 1024 1158 explicuisse
1049 1076 1134 1157 quod
1152 1077 1343 1154 ascenderis,

190 1181 250 1244 nisi
276 1180 360 1263 quod
383 1184 483 1245 restat
507 1181 657 1245 suaseris.
681 1200 738 1245 neo
762 1185 887 1246 nosmet
909 1174 997 1264 ipsos
1018 1201 1053 1244 en
1073 1183 1251 1246 ceterorum
1271 1201 1341 1247 oon·
1369 1188 1387 1241 4

190 1287 306 1354 latione
339 1288 508 1352 metiamur
542 1291 573 1351 et
610 1306 760 1371 magnum
797 1290 958 1370 putemus,
997 1287 1024 1351 si
1062 1288 1142 1352 torte
1180 1289 1340 1370 aliquibus

188 1394 434 1474 praestantiores
452 1393 660 1469 inueniamur‚
681 1393 737 1457 sed
756 1393 904 1457 damnum
925 1392 1031 1474 potius
1047 1392 1128 1458 illud
1142 1395 1340 1471 arbitremur,

190 1501 217 1564 si
240 1519 301 1564 non
325 1500 421 1584 ligna
443 1500 512 1565 loco
538 1504 569 1564 et
593 1500 692 1584 gradu
716 1504 823 1565 nostro
849 1519 995 1583 geramus
1020 1502 1061 1576 et,
1092 1501 1120 1566 si
1143 1521 1205 1582 qua
1229 1520 1340 1585 gerun-

141 1624 171 1668 ιο
189 1611 241 1670 tur
263 1607 363 1684 nobis
390 1625 448 1670 nou
474 1626 509 1670 ex
533 1606 769 1691 neglegentium
794 1606 1023 1689 conparatione,
1052 1606 1108 1671 sed
1128 1625 1163 1670 ex
1182 1608 1340 1689 praecepti
1434 1687 1436 1690 Ι

189 1714 377 1779 auctoritate
405 1713 591 1796 pendantur,
626 1714 695 1778 siue
724 1713 773 1776 illi
800 1712 1020 1796 neglegentius
1055 1712 1124 1776 siue
1157 1713 1250 1778 etiam
1285 1715 1340 1778 ali-

189 1823 305 1900 quanto
330 1819 507 1884 studiosius
532 1820 656 1896 uiuunt,
680 1819 754 1900 quia
777 1819 932 1883 uirtutum
956 1818 1073 1883 formas
1097 1839 1157 1884 nou
1181 1839 1217 1884 an
1240 1821 1339 1901 proxi·

187 1946 312 1990 morum
337 1929 515 1991 nostrorum
541 1927 651 2010 gestis,
681 1926 737 1991 sad
761 1945 796 1989 ex
821 1926 909 1990 uerbi
938 1925 989 1990 dei
1018 1927 1204 1990 auctoritate
1234 1946 1339 1992 susce·

187 2033 304 2114 pimus,
338 2051 355 2095 a
386 2051 447 2114 quo
477 2032 580 2096 omnia
609 2036 641 2096 et
673 2032 704 2094 in
739 2051 800 2114 quo
834 2031 939 2096 omnia
972 2035 1003 2095 et
1036 2032 1075 2095 ad
1108 2051 1201 2114 quem
1234 2033 1339 2096 omnia
1395 2038 1398 2042 '

138 2157 169 2203 15
189 2139 375 2204 referuntur.

234 2249 284 2309 15.
316 2247 383 2310 Nec
416 2247 591 2328 putandum
626 2250 675 2310 est
707 2246 816 2310 eadem
851 2247 997 2311 omuibus
1036 2247 1215 2322 conuenire,
1254 2246 1339 2310 siout

187 2371 244 2416 neo
268 2356 354 2418 aetas
379 2372 441 2416 una
464 2352 611 2416 omnibns
636 2357 763 2416 estnec
792 2352 941 2416 nultnunr
969 2353 1153 2417 liniamenta
1182 2353 1337 2416 uniuersis

187 2459 296 2522 eadem
317 2441 377 2524 ¹neo
399 2460 500 2525 totius
525 2463 625 2523 terrae
650 2479 712 2524 uua
734 2463 783 2524 est
811 2460 947 2540 qualitas
977 2479 1033 2524 nee
1062 2460 1226 2525 stellarum
1255 2478 1337 2522 unrrs

186 2571 237 2629 est
269 2567 424 2647 splendor.
462 2567 627 2632 conuenire
666 2586 739 2652 ergo
776 2564 895 2630 idiotae
932 2570 964 2630 et
1000 2567 1187 2648 simpliciori
1224 2567 1338 2647 cuique

137 2695 169 2739 ao
186 2672 362 2753 putandum
386 2677 446 2751 est,
474 2691 512 2736 ne
536 2672 618 2736 male
643 2675 718 2756 egat
742 2676 773 2737 et
801 2676 836 2736 ut
864 2677 975 2737 caucat
1004 2673 1108 2736 omnia
1138 2691 1228 2755 agere
1258 2690 1337 2752 qnae

186 2778 226 2842 ad
257 2797 389 2860 poenam
427 2780 595 2843 trahuntur
631 2779 683 2842 nel
721 2779 910 2863 grauissima
946 2779 1028 2862 legis
1066 2767 1337 2842 animaduersione

186 2886 378 2966 plectuntur.
411 2887 485 2950 huic
518 2905 591 2950 uero
626 2887 681 2968 qui
713 2886 783 2950 aliis
817 2890 941 2968 praeest
973 2885 1058 2949 ornni
1092 2903 1182 2968 opere
1215 2885 1337 2966 peccati
1366 2895 1383 2947 2
1417 2970 1419 2974 Α

275 3215 515 3282 neophitae
606 3215 937 3280 masticantem
1026 3212 1333 3280 ltef.1t0m.11,3o.

186 3305 360 3373 Iessea
417 3305 450 3358 18
471 3303 617 3360 cthor.
639 3305 678 3368 15,
697 3305 731 3358 41

221 3552 234 3605 1
254 3552 387 3606 factorum
401 3551 428 3606 R
448 3551 549 3604 facturn
569 3549 771 3615 nemorose
858 3551 874 3602 2
894 3553 925 3603 ut
943 3549 1059 3618 luorum]
1081 3547 1115 3602 ad
1134 3548 1236 3601 luorum
1256 3546 1337 3600 OAV

184 3644 342 3707 quaerente
362 3641 440 3693 nobis
459 3643 539 3708 gesta
558 3642 622 3692 sunt
640 3655 690 3694 om.
715 3638 740 3690 V
811 3639 827 3692 3
847 3639 960 3700 anobis
983 3636 1074 3692 OOVo
1157 3637 1247 3705 quarn]
1269 3652 1335 3704 quo·

182 3730 288 3784 niamo
343 3729 507 3782 detrimenta
525 3728 603 3796 Ilpa.
645 3728 815 3781 4uoluimns
835 3727 862 3782 R
918 3727 1027 3797 qnidam
1047 3725 1161 3780 nobiso
1198 3723 1337 3778 5nini0

182 3818 342 3887 explicuisse
361 3817 477 3870 referta
585 3815 712 3870 relretO
810 3815 1052 3870 6cetororum0
1141 3813 1333 3882 lmetiamar]

182 3908 335 3961 utemurR
408 3907 595 3962 lorteom.A
662 3906 827 3960 iOanobis
850 3907 958 3974 O(es.
980 3906 1008 3974 l.)
1034 3905 1059 3957 V
1136 3904 1166 3958 ll
1188 3903 1335 3956 illicitae

182 3996 322 4065 aliquanto
343 3993 395 4060 (ἐπὶ
413 3993 517 4064 eosdm]
539 3993 684 4063 aliquando
703 3995 731 4047 R
805 3996 838 4048 12
859 3996 904 4064 qui
923 3995 950 4046 A
1022 3994 1153 4064 uirtutem
1173 3995 1202 4059 (u
1221 4007 1242 4044 s.
1263 3993 1289 4060 e)
1313 3989 1335 4042 0

183 4084 215 4137 13
235 4085 396 4153 suscipimus
418 4083 441 4137 0
458 4083 671 4152 suscipiamnsv
728 4084 761 4137 14
780 4086 808 4136 et
827 4082 862 4136 ad
881 4099 961 4152 quern
981 4082 1071 4136 omnia
1090 4097 1142 4135 om.
1161 4080 1188 4135 R
1244 4078 1335 4131 omnia

181 4189 234 4226 om.
255 4172 278 4224 U
357 4173 388 4226 il
410 4189 459 4227 nec
480 4175 556 4226 aetas
574 4171 602 4226 R
621 4188 655 4224 ne
676 4175 750 4224 aetas
771 4171 880 4240 quidem
902 4171 951 4226 00
967 4188 1018 4225 nec
1037 4174 1113 4224 aetas
1134 4170 1242 4240 quidem
1261 4167 1334 4221 AVo

181 4261 313 4318 altneO
367 4259 797 4331 nultunmtnpeeeinorlluultus
815 4259 852 4314 Co
895 4262 926 4313 19
943 4265 985 4313 est
999 4276 1079 4313 omo
1134 4259 1242 4313 ideotae
1260 4257 1333 4311 Coc.

181 4352 216 4404 20
235 4351 306 4404 mala
326 4351 353 4403 A
408 4352 441 4404 21
462 4367 575 4418 paenam
595 4348 623 4403 R
642 4367 739 4419 penam
762 4349 784 4402 0

207 4477 329 4516 xxxxvl.
344 4477 421 4516 Rufini
435 4487 488 4525 pars
504 4474 523 4517 l.
1281 4451 1296 4502 2
