3228 4978
505 375 566 430 Vll.
585 376 630 430 De
649 378 934 433 reconciliatione
955 380 1069 434 12-13.
1295 385 1360 448 223

256 573 305 637 13.
334 571 381 635 De
410 572 530 654 angelis
559 591 634 636 uero
663 571 740 654 quid
763 572 888 638 dicam?
916 574 948 639 in
973 575 1088 656 quibus
1113 575 1167 658 qui
1192 577 1361 642 dissentire

210 699 306 745 ausus
345 683 394 744 est
431 682 463 743 et
499 679 608 743 extolli
642 699 735 762 supra
769 699 949 745 mensuram
987 687 1082 764 atque
1114 683 1146 746 in
1187 688 1361 767 conspectu

209 787 436 868 omnipotentis
464 787 514 851 dei
542 787 705 862 rebellare,
733 787 779 851 ita
807 790 844 851 ut
868 805 964 870 snpra
986 788 1087 852 nubes
1111 808 1226 870 ponere
1251 789 1358 853 sedem

209 911 299 957 suern
324 894 489 975 cogitaret,
515 895 600 959 sicut
622 895 668 958 ait
690 895 854 977 propheta,
878 894 988 979 dignas
1008 896 1212 979 adrogantiae
1232 915 1307 960 suae
1328 899 1360 960 ot

174 1023 187 1065 a
209 999 416 1066 dissensionis
439 1021 557 1084 poenas
582 1001 677 1077 dedit,
701 1021 757 1083 pro
781 1001 853 1066 luce
872 1009 909 1066 ut
927 1005 1013 1066 essct
1036 1002 1193 1081 tenebrae,
1214 1003 1359 1067 condem-

207 1110 311 1185 natus,
335 1108 443 1185 immo,
468 1113 506 1172 ut
529 1108 635 1172 uerius
661 1107 773 1186 dicam,
799 1127 817 1170 a
841 1111 943 1172 semet
961 1108 1031 1190 ipso
1051 1110 1198 1173 tenebrae
1217 1109 1357 1173 effectus.

208 1214 305 1278 ceteri
333 1233 419 1294 uero,
450 1215 504 1296 qui
531 1215 563 1278 in
593 1233 650 1279 suo
681 1214 788 1279 ordine
818 1217 850 1278 et
872 1215 943 1279 loco
967 1218 1160 1297 permanent,
1190 1216 1269 1279 nihil
1292 1218 1358 1278 tam
1386 1221 1405 1272 a

208 1321 367 1403 proprium
402 1321 567 1403 possident
598 1339 692 1402 quarn
721 1339 831 1404 paoem
860 1323 893 1386 et
921 1321 1172 1399 unanimitatem,
1206 1321 1285 1386 nihil
1312 1321 1358 1385 ita

208 1427 338 1491 student
374 1446 468 1508 quarn
506 1431 542 1491 ut
578 1447 676 1490 unum
710 1427 775 1490 sint
808 1445 844 1490 er
876 1427 998 1491 unitate
1030 1427 1183 1494 trinitatis
1217 1428 1358 1509 exempla

163 1537 380 1612 1osumentes,
405 1532 551 1614 quoniam
577 1532 701 1615 etipsa
724 1533 850 1596 trinitas
874 1532 952 1597 deus
976 1552 1059 1598 unus
1084 1537 1133 1598 est
1151 1538 1216 1596 tam
1236 1534 1357 1598 unitate

207 1640 383 1705 uoluntatis
408 1658 503 1722 quam
526 1643 559 1703 ct
581 1639 703 1703 unitate
728 1633 936 1704 substantiae.
960 1639 1011 1704 dei
1035 1641 1144 1722 itaque
1169 1643 1219 1704 est
1242 1659 1302 1724 par
1326 1645 1358 1704 et

207 1766 315 1812 eorum
345 1747 399 1829 qui
427 1746 644 1827 adproximant
672 1750 703 1810 et
727 1746 896 1811 cohaerent
919 1746 986 1810 deo.
1020 1747 1175 1811 contraria
1198 1766 1273 1812 uero
1299 1748 1356 1814 deo
1391 1755 1409 1808 3

208 1854 362 1919 dissensio
388 1856 419 1918 et
441 1853 576 1927 bollum;
602 1872 683 1935 quae
708 1853 774 1916 sine
799 1853 895 1917 dubio
920 1871 1028 1917 eorum
1054 1857 1113 1930 est,
1139 1853 1193 1934 qui
1212 1854 1306 1918 alieni
1326 1857 1358 1918 et

207 1961 311 2024 auersi
334 1963 409 2025 sunt
432 1979 450 2023 a
475 1961 543 2036 deo,
569 1961 623 2040 qui
648 1959 745 2024 simul
769 1959 827 2023 deo
852 1963 884 2023 et
906 1959 976 2040 paci
1002 1959 1211 2023 aduersantur
1236 1960 1356 2024 dissen-

161 2081 188 2126 15
208 2067 351 2132 sionibus
383 2067 559 2151 gaudentes
588 2072 620 2131 et
647 2065 938 2147 perturbationibus
967 2065 1174 2149 gratulantes,
1208 2066 1357 2148 quoniam

206 2175 333 2257 quidem
369 2180 400 2238 et
431 2175 577 2257 princeps
609 2191 718 2238 eorum
751 2175 847 2254 atque
880 2178 989 2237 auctor
1019 2173 1166 2238 diabolus
1193 2177 1258 2238 tam
1286 2173 1356 2256 ipse

205 2282 361 2346 malorum
384 2281 579 2346 faciunditatc
603 2300 621 2344 a
645 2283 747 2344 semet
769 2281 840 2362 ipso
865 2280 1026 2344 discordat
1044 2298 1139 2361 quam
1159 2281 1257 2344 etiam
1276 2281 1357 2345 alios

206 2408 242 2453 er
274 2388 467 2452 abundantia
495 2387 545 2452 sui
572 2388 603 2452 in
632 2406 717 2450 arma
746 2387 953 2452 dissensionis
980 2388 1116 2472 instigat
1145 2390 1177 2452 et
1204 2387 1244 2452 ad
1271 2387 1358 2452 bella

204 2496 320 2560 furoris
349 2495 485 2578 inpellit,
514 2495 588 2576 quia
615 2495 670 2558 ille
699 2494 856 2558 homicida
887 2497 954 2558 erat
976 2496 1015 2558 ab
1038 2495 1131 2558 initio
1156 2497 1189 2558 et
1211 2495 1302 2558 sedet
1322 2494 1354 2557 in

159 2617 187 2661 ac
204 2602 330 2667 insidiis
358 2602 390 2666 in
415 2603 552 2677 occulto,
581 2605 619 2665 ut
641 2601 810 2665 interficiat
832 2601 1033 2665 innocentem
1057 2604 1089 2665 et
1114 2603 1151 2664 ut
1173 2602 1306 2684 sagittet
1323 2601 1354 2664 in

205 2710 339 2774 obscuro
365 2729 456 2774 omne
480 2727 595 2790 corpus
620 2708 781 2786 ecclesiae,
805 2706 881 2770 dum
903 2708 1047 2791 singulos
1067 2726 1211 2790 quosque
1232 2707 1355 2771 callidis

205 2817 412 2899 obscurisque
441 2816 582 2880 consiliis
612 2814 731 2897 decipit
759 2817 791 2878 et
819 2833 855 2877 er
879 2815 984 2896 paruis
1013 2815 1193 2896 quibusque
1217 2814 1355 2879 occasio·

204 2925 298 2988 nibus
322 2926 427 2988 locum
452 2923 513 2987 sibi
537 2921 717 2987 introeundi
740 2921 771 2985 in
797 2921 917 2985 animas
942 2940 1049 2985 eorum
1071 2923 1172 3003 primo
1193 2921 1357 2985 subtiliter

203 3029 291 3106 facit,
311 3035 380 3093 tum
400 3030 512 3094 deindo
534 3031 622 3093 uelut
641 3030 796 3110 occupata
814 3027 877 3090 iam
898 3029 1033 3093 statione
1053 3032 1141 3092 totus
1156 3028 1355 3111 inmergitur,

158 3137 290 3202 sesicut
317 3135 385 3202 fieri
413 3138 495 3202 solet
521 3137 554 3199 in
579 3135 743 3200 obsidione
766 3153 943 3199 murorum:
975 3135 1002 3199 si
1026 3136 1140 3218 exigua
1163 3153 1235 3217 pars
1259 3135 1354 3200 unius

296 3349 311 3402 3
332 3346 365 3401 cf.
385 3347 456 3402 Esai.
477 3346 518 3415 14,
540 3347 573 3400 14

242 3489 304 3542 lin
326 3488 475 3557 quibusda
493 3487 589 3556 rupo
661 3485 694 3539 de
714 3503 743 3538 se
761 3485 863 3540 sentire
882 3486 910 3537 A
972 3485 1092 3539 iextoli
1114 3483 1187 3539 Oce.
1242 3484 1353 3539 3rebc-

204 3579 261 3632 lare
284 3577 356 3632 Coc.
446 3577 613 3646 deogitarit
635 3575 745 3644 O‚Ap.c.
845 3581 874 3627 ct
892 3573 963 3628 sicut
984 3574 1021 3628 Co
1068 3649 1071 3652 Ι
1129 3574 1262 3644 propheta
1280 3575 1321 3628 ait
1337 3590 1356 3628 o

204 3669 366 3737 abrogante
385 3666 525 3720 suaOuc.
563 3663 876 3720 5dissensionesRaae.
931 3681 1032 3733 paenas
1051 3666 1078 3730 (o
1097 3681 1118 3717 s.
1139 3663 1211 3732 aiR
1264 3664 1357 3718 uerbis

204 3773 252 3826 pro
274 3759 332 3810 luce
351 3762 377 3810 et
395 3759 426 3810 nt
444 3757 525 3826 siqua
544 3754 769 3823 transpositionis
789 3752 900 3807 addidit
917 3752 946 3807 R
1026 3751 1154 3806 tenebrae
1176 3753 1279 3819 (σκότος
1300 3751 1356 3804 ἀντὶ

205 3845 293 3916 φωτὸς
313 3838 377 3898 εἶναι
394 3844 585 3915 aotaaprheigll
606 3843 726 3896 tenebris
746 3845 773 3897 R
846 3841 1060 3912 condempnatus
1081 3841 1119 3895 Otr
1164 3843 1180 3895 6
1199 3848 1231 3893 ut
1248 3857 1270 3897 ε.
1291 3841 1308 3894 l.
1327 3840 1354 3895 R

204 3933 433 4004 8possedent0
509 3933 728 3995 unianimitatem
746 3931 802 3986 Rc
862 3932 927 3985 sac
946 3948 977 3984 ex
994 3931 1100 3984 unitate
1123 3928 1187 3984 000
1252 3930 1284 3982 12
1304 3928 1355 3981 deo

205 4030 234 4076 et
253 4022 382 4076 coherent
400 4024 428 4077 A
526 4021 734 4077 coerentRac.
827 4022 859 4075 13
880 4020 958 4090 quac]
979 4037 1032 4090 qua
1055 4020 1082 4072 V
1170 4019 1308 4072 ldaom.
1327 4018 1355 4070 A

207 4113 240 4166 16
259 4117 360 4180 angtqr
378 4112 447 4177 (otor
464 4118 497 4178 s.)
515 4110 543 4166 R
624 4110 750 4165 diabulus
771 4109 844 4164 ΟΜ.
909 4111 943 4164 18
962 4108 1149 4164 habundantia
1171 4105 1210 4161 Oo
1275 4107 1307 4160 19
1326 4107 1355 4160 in

204 4214 255 4256 om.
278 4186 302 4254 0'
383 4203 417 4256 22
437 4201 644 4255 occansionibus
665 4199 741 4254 Oac.
828 4199 863 4253 23
881 4201 909 4253 in
929 4199 1033 4253 animos
1055 4197 1108 4251 GV
1123 4199 1151 4251 ia
1169 4198 1197 4250 in
1217 4197 1320 4251 animos
1338 4213 1356 4250 o

203 4291 489 4358 asscensorem.
510 4290 582 4358 0)R
