3228 4978
560 466 620 522 vn.
641 467 688 520 De
707 466 993 520 reconciliatione
1013 468 1054 520 22.
1316 473 1382 535 233

230 661 283 744 qui
316 662 391 726 huic
423 661 498 725 fidei
532 661 749 736 admirantur,
785 660 903 725 alienos
937 661 1109 726 habeamus
1139 681 1157 724 a
1186 663 1320 728 ueritate
1351 667 1382 727 ei

227 767 417 849 pestilentes
450 770 609 848 putemus.
643 768 674 830 ci
708 766 734 830 si
768 765 896 848 quidem
925 766 1078 850 possibile
1108 771 1156 832 est
1185 770 1286 832 curari
1316 789 1381 848 eos,

228 874 317 938 uulla
340 873 383 937 sit
406 872 542 947 inuidia3
564 871 591 936 si
616 891 689 936 uero
714 871 907 936 insanabiles
928 875 1013 947 suni,
1034 872 1231 958 refugiamus
1252 879 1284 940 et
1301 876 1381 940 uiis-

227 997 311 1057 mus‚
337 998 375 1042 us
399 978 480 1043 forts
504 978 607 1042 morbi
633 996 741 1042 eorum
766 978 922 1062 contagiis
947 979 1154 1057 maculemur,
1178 999 1216 1044 na
1234 999 1295 1044 non
1314 984 1379 1046 tam

197 1088 369 1150 anostram
402 1085 569 1149 sanitatem
602 1084 667 1148 illis
691 1084 853 1148 tradamus
882 1103 977 1168 quam
1004 1085 1133 1150 illorum
1161 1105 1219 1150 nos
1243 1087 1381 1172 aegritu-

230 1190 334 1256 dinem
359 1191 531 1273 capiamus.
560 1193 762 1272 parantem
794 1191 868 1270 dei,
900 1210 1001 1274 quae
1032 1196 1200 1273 superat
1230 1212 1378 1259 omnem

228 1301 408 1374 mentem,
442 1297 654 1362 cusrodmt
687 1297 808 1362 corda
839 1300 980 1361 uestra
1013 1299 1051 1361 in
1085 1298 1251 1364 Christo
1284 1300 1378 1364 Iesu

230 1403 355 1468 domiuo
383 1406 501 1482 nostro,
531 1403 583 1466 cui
611 1402 712 1486 gloria
740 1406 771 1467 et
798 1406 940 1485 potestas
963 1404 996 1468 in
1021 1405 1147 1469 saecula
1170 1407 1380 1471 saeculorum.

231 1529 332 1574 amen.

317 1719 334 1772 o
354 1717 424 1772 rm.
443 1719 469 1784 4,
490 1720 504 1771 a

264 1843 323 1895 asi
342 1859 362 1896 s.
384 1843 401 1896 I.
421 1842 449 1896 R
557 1859 650 1896 curare
669 1843 697 1896 R
788 1842 860 1895 asic
878 1843 908 1894 ia
929 1859 980 1912 ray.
999 1842 1027 1895 R
1046 1849 1060 1896 c
1078 1860 1101 1894 s.
1121 1843 1138 1897 I.
1158 1842 1193 1906 A,
1214 1859 1265 1896 om.
1286 1851 1381 1909 ccmo

227 1929 393 1984 insanabiles
412 1933 435 1997 (s
454 1947 475 1984 a.
496 1932 524 1998 l.)
543 1932 571 1986 R
628 1932 645 1984 4
664 1934 721 1984 tam
745 1930 800 1983 illis
823 1929 963 1984 tradamus
987 1932 1107 1983 nostram
1132 1932 1263 2006 (nostram
1282 1948 1332 1984 om.
1353 1937 1379 1998 a)

228 2019 375 2073 sanilatem
398 2018 435 2073 Co
516 2019 597 2074 odei
616 2035 667 2073 om.
688 2021 730 2073 Ao
808 2021 972 2088 Imentem]
993 2035 1101 2072 sensum
1121 2021 1154 2086 (s.
1173 2020 1186 2071 l
1204 2022 1332 2088 mentem)
1352 2024 1379 2074 A

228 2108 356 2162 Bnostro
376 2125 427 2164 om.
446 2107 475 2162 R
530 2108 572 2162 cui
592 2112 635 2162 esi
657 2108 746 2178 gloria
767 2107 863 2163 OAVc
917 2109 934 2161 9
958 2107 1006 2160 DE
1026 2105 1228 2162 CRANDINIS
1248 2107 1376 2162 UASTA·

228 2195 340 2250 TIONE
359 2195 436 2251 CUM
453 2196 572 2250 PATER
585 2195 784 2251 EPISCOPUS
800 2195 1001 2251 RETICERET
1016 2196 1043 2251 R
1057 2195 1178 2262 USQUE
1198 2195 1272 2250 HUC
1291 2196 1378 2251 CON-

227 2285 313 2339 TULI
331 2284 380 2339 DE
400 2284 561 2340 CODICAE
582 2274 672 2340 SC-IIE
691 2284 881 2339 MELANIAE
905 2284 1014 2341 ROMA.
1034 2274 1126 2338 EXPL
1151 2285 1219 2338 ·VII·
1238 2284 1378 2340 INCIPIT

227 2371 336 2426 LIBER
363 2373 445 2426 ·VIII·
475 2373 522 2427 DE
551 2372 753 2427 GRANDINIS
787 2371 1017 2427 UASTATIONE
1051 2373 1127 2428 CUM
1158 2373 1276 2427 PATER
1302 2372 1377 2427 EPI-

229 2460 364 2518 scorus
383 2461 575 2517 narremur
598 2461 621 2515 o
645 2461 763 2528 osona
787 2461 860 2518 noc
885 2460 1044 2517 connum
1062 2462 1112 2515 uu
1132 2461 1266 2518 comen
1287 2451 1377 2518 solii

227 2548 390 2603 MELANIE
417 2549 537 2621 ROME:
555 2572 561 2606 ι
578 2549 699 2604 :EINIT
727 2550 838 2604 LIBER
866 2551 934 2604 ·VII·
963 2549 1140 2604 GREGORII
1167 2549 1376 2603 NAZANZENI

227 2637 395 2692 EPisCOPI
417 2637 555 2694 INCIPIT
578 2639 688 2692 LIBER
711 2637 888 2694 GREGORII
911 2639 1117 2693 NAZANZENI
1140 2636 1308 2692 EPISCOPI
1326 2639 1375 2690 DE

228 2725 429 2782 GRANDINIS
447 2726 680 2783 UASTATIONE
696 2728 771 2783 CUM
785 2728 903 2782 PATER
917 2727 1113 2782 EPISCOPUS
1132 2725 1334 2781 RETICERET
1348 2729 1372 2778 A

227 2813 396 2870 EXPLICIT
419 2816 468 2870 DE
492 2815 828 2871 RECONCILIACIONE
851 2816 898 2869 ET
922 2815 1082 2870 UNITATE
1106 2813 1376 2869 MONACHORUM.

225 2903 364 2959 INCIPIT
387 2903 437 2957 DE
462 2903 662 2959 GRANDINIS
687 2904 915 2959 UASTACIONE
935 2895 982 2960 ob
1005 2905 1123 2958 PATER
1144 2892 1211 2958 EPS
1231 2902 1374 2957 RETICE-

226 2991 297 3045 BET
323 2993 347 3047 C
371 2981 441 3046 nir>
469 2982 530 3047 LIB
556 2992 636 3056 ·vr1·‚
664 2983 727 3049 INC
753 2982 865 3049 EIUSD
895 2982 954 3047 LIB
984 2993 1067 3047 ·VIII·
1096 2994 1144 3046 DE
1173 2991 1374 3047 GRANDINIS

227 3070 431 3137 uasrlrron
451 3070 500 3137 cu
514 3071 584 3137 Pii
602 3070 670 3138 nr‘s
689 3082 891 3137 anrrcnanr
916 3083 942 3136 V
992 3081 1113 3152 ripuar
1132 3082 1165 3136 oe
1184 3069 1376 3136 reconcurarie

227 3173 256 3225 et
273 3171 379 3225 unitate
397 3172 562 3247 monachoru
582 3173 684 3241 Incipii
704 3171 736 3225 de
751 3171 872 3240 gradinis
886 3173 1050 3239 uastatione,
1066 3188 1124 3226 cum
1140 3174 1218 3240 pater
1232 3171 1375 3240 epIscopus

225 3261 386 3314 reticerebo
