3228 4978
555 503 614 557 Vll.
633 504 679 558 De
699 505 980 560 reconciliatione
999 507 1078 560 8-9.
1324 513 1389 576 219

240 700 450 766 ascenderunt
484 700 599 782 spicae,
632 700 780 781 qnoniam
814 719 890 764 oues
922 701 1113 785 lugebamus
1147 705 1179 767 et
1211 703 1389 770 inuenimns

241 811 385 889 pastores
413 810 454 885 et,
488 809 524 870 ut
552 825 610 890 ego
638 806 723 882 noui,
753 806 954 888 suscepimus
984 809 1080 872 ctiam
1109 809 1202 873 illum
1230 814 1390 892 pastorem

243 914 406 997 optimum,
436 914 489 996 qui
516 932 572 996 per
598 912 747 995 spiritum
771 913 899 994 quidem
925 914 1115 997 adsumptus
1141 917 1190 980 est
1214 919 1246 979 et
1269 917 1391 999 accepit

242 1021 396 1084 talentum
426 1019 646 1084 nummulamis
675 1019 917 1104 prorogandum.
953 1024 984 1084 ot
1012 1022 1117 1105 gregis
1147 1021 1175 1086 oi
1205 1041 1279 1086 cura
1307 1041 1391 1087 com·
1419 1028 1434 1079 2

207 1127 341 1191 amissa
369 1129 419 1192 est
446 1129 478 1191 et
505 1127 536 1190 in
566 1125 775 1191 sacerdotium
804 1130 920 1190 unctus
950 1130 999 1192 ost
1026 1132 1058 1192 et
1084 1147 1195 1194 manus
1225 1129 1294 1194 olus
1319 1149 1391 1195 oon·

243 1235 419 1296 summalae
439 1236 523 1309 sunt,
539 1231 666 1296 etiamsi
684 1232 787 1296 adbuc
807 1232 911 1298 differt
930 1250 1037 1298 curam
1052 1233 1158 1317 gregis
1179 1235 1341 1316 suscipere
1360 1239 1392 1300 et

243 1341 411 1404 conseruat
434 1338 537 1404 adbuc
561 1339 619 1404 sub
644 1338 750 1402 modio
774 1337 946 1417 lucernam,
977 1359 1069 1421 quam
1094 1359 1167 1404 mcx
1190 1343 1295 1406 certus
1320 1361 1390 1406 sum

242 1445 327 1527 quod
356 1464 451 1528 super
479 1445 701 1510 candelabrum
728 1447 834 1526 ponat,
868 1449 904 1509 ut
928 1447 1030 1512 omnis
1050 1446 1164 1524 anima,
1193 1465 1272 1529 quae
1295 1448 1392 1512 intrat

243 1551 396 1616 ecclesiae
428 1550 569 1628 domum,
601 1550 710 1616 uideat
742 1551 849 1615 lumen
878 1571 1040 1635 maguum,
1074 1571 1136 1634 quo
1164 1552 1392 1618 inluminentur

197 1683 223 1724 ro
243 1658 374 1722 semitae
397 1656 538 1721 omnium
562 1660 716 1722 nostrum.
741 1657 844 1721 adbuc
867 1658 952 1722 enim
975 1677 1057 1722 nune
1081 1661 1205 1724 montes
1229 1660 1390 1742 collesque
1420 1667 1435 1720 3

243 1764 431 1842 consideret,
464 1763 567 1829 adhuc
600 1765 717 1830 fluenta
748 1764 915 1828 fluminum
949 1768 1153 1847 percontatur
1181 1771 1213 1830 et
1241 1767 1392 1849 perspicit

241 1870 322 1947 loca,
345 1871 377 1934 in
402 1870 518 1952 quibus
541 1870 666 1935 insidiis
691 1873 833 1936 occurrat
851 1871 1010 1954 luporum,
1035 1874 1072 1936 ut
1089 1872 1121 1934 in
1141 1875 1283 1955 temporo
1302 1891 1392 1956 opor·

242 1980 319 2040 tuno
346 1980 457 2042 tenens
485 1978 634 2042 baculum
663 1978 854 2059 pastoralem
882 1981 993 2059 pascat
1021 1997 1147 2062 gregem
1172 1978 1389 2044 rationabilem

242 2083 358 2166 pariter
382 2103 455 2148 cum
478 2084 631 2168 magistro
656 2087 688 2149 at
712 2083 838 2148 domiuo
861 2086 1026 2166 pastorum
1051 2085 1082 2148 in
1106 2085 1177 2149 loco
1201 2084 1297 2148 uiridi
1321 2103 1390 2148 con·

198 2217 225 2259 ra
242 2190 350 2255 locans
380 2209 462 2267 eum,
491 2190 660 2255 uiridantis
689 2193 721 2255 ot
750 2191 816 2254 uiui
845 2191 935 2255 uerbi
964 2190 1015 2254 dei
1043 2190 1186 2254 reficiens
1210 2191 1336 2273 pabulis
1361 2194 1393 2254 et

244 2315 338 2378 super
369 2315 484 2379 aquam
511 2297 690 2363 relectionis
716 2298 862 2377 educans,
892 2297 1023 2381 spiritus
1053 2298 1155 2363 sancti
1182 2297 1392 2362 inundationi·
1480 2359 1482 2362 ,

243 2403 303 2466 bus
336 2404 452 2487 rigans.
484 2403 561 2470 baec
593 2422 666 2488 ergo
694 2404 802 2470 lutura
830 2407 861 2468 et
889 2423 1054 2487 speramus
1084 2407 1116 2468 et
1144 2423 1280 2470 oramus.
1314 2403 1393 2468 milri
1419 2416 1436 2466 4

244 2511 349 2574 autom
372 2510 436 2574 iam
461 2513 587 2591 tompus
612 2514 662 2574 est
685 2511 725 2576 ad
748 2529 785 2574 ea
808 2529 889 2593 quae
913 2509 1050 2574 diximus
1076 2510 1172 2573 etiam
1192 2510 1290 2575 uerba
1309 2529 1392 2574 com-

244 2616 427 2682 monitionis
460 2617 642 2700 adiungere.
676 2637 756 2699 quae
789 2637 884 2700 quam
912 2621 1022 2701 potero
1051 2617 1190 2681 breuiter
1218 2617 1391 2700 explicabo,

195 2752 226 2795 20
246 2723 391 2804 quoniam
422 2723 549 2804 quidem
576 2724 752 2806 praeueniri
779 2743 877 2806 paena
906 2743 924 2788 a
952 2724 1045 2788 uobis
1073 2723 1220 2787 uidemus
1244 2723 1392 2806 operibus

245 2849 385 2912 eaquae
409 2849 465 2894 nos
490 2849 728 2896 commonemus
752 2832 784 2894 in
809 2831 925 2895 uerbis.

332 3111 349 3162 4
369 3109 402 3162 cr.
421 3109 518 3162 masan.
539 3109 581 3175 25,
601 3110 634 3160 22
690 3110 706 3162 2
728 3109 760 3162 cr.
781 3109 880 3164 natan.
901 3111 925 3177 a,
947 3111 979 3164 15
1038 3111 1068 3162 ra
1090 3109 1122 3162 ar.
1141 3109 1187 3162 rs.
1207 3108 1249 3176 22,
1270 3110 1285 3160 2

284 3340 296 3391 1
313 3339 403 3408 spicae
421 3338 524 3406 (κόκκον
545 3338 703 3407 καταβαλών
725 3337 820 3408 στάχυν
835 3338 1021 3410 {aepiscopum}
1037 3339 1131 3408 spinae
1147 3337 1262 3400 A,0a.c.
1299 3338 1315 3390 2
1331 3341 1393 3390 et—

245 3428 295 3482 la'rc.
317 3426 552 3497 Aprorogandum
570 3428 602 3480 irc
619 3444 669 3496 rap.
693 3427 758 3480 0221
821 3427 1026 3495 suscipimust'
1079 3426 1292 3481 Sobtimumt'
1349 3442 1393 3478 ac-

245 3515 358 3584 21ρί20
428 3515 649 3568 4uummolsriis
671 3515 888 3570 Onummularis
913 3515 938 3567 A
1029 3514 1244 3584 praerogandum
1263 3514 1321 3566 AV
1337 3514 1395 3579 (aed

244 3607 282 3674 os.
298 3623 327 3674 p.
347 3609 417 3667 203,
437 3609 482 3670 14)
578 3605 694 3658 curaaO
784 3607 799 3658 5
820 3607 848 3658 et
866 3605 894 3657 in
915 3603 1096 3658 sacerdotium
1116 3607 1215 3658 unctus
1235 3606 1277 3658 est
1296 3619 1347 3656 om.
1372 3602 1397 3654 l'

247 3699 378 3766 consnptp
398 3697 462 3748 sunt
479 3693 507 3747 R
552 3693 568 3745 8
589 3710 669 3762 supra
691 3693 773 3747 OAV
832 3697 916 3763 ponet
934 3691 1048 3764 (dicein
1068 3693 1146 3763 ponit
1164 3692 1228 3761 R,0
1244 3693 1276 3746 a'rc
1292 3708 1359 3757 rua,
1378 3708 1393 3744 2

246 3786 331 3840 intrat
348 3785 376 3838 in
397 3783 461 3838 eccl.
482 3784 552 3837 dorn.
576 3782 627 3835 OV
718 3784 921 3838 monstrorum
941 3782 995 3836 AC
1076 3783 1105 3837 11
1128 3780 1393 3852 percunctaturRA

246 3875 280 3926 12
300 3877 422 3928 occurret
436 3873 463 3926 R
535 3877 567 3926 ut
585 3873 613 3924 in
632 3875 754 3941 tempore
774 3877 906 3942 oportuno
927 3869 968 3940 (ἵν’
989 3871 1015 3924 ἐν
1034 3874 1115 3943 καιρῷ
1136 3869 1259 3942 εὐθέτῳ]
1280 3873 1308 3924 et
1325 3870 1353 3924 in
1374 3875 1391 3922 t·

244 3980 290 4030 op.
310 3962 337 4016 R
402 3961 434 4015 13
454 3962 593 4016 bacculum
612 3964 639 4019 R
734 3961 870 4031 pastorale
894 3960 920 4013 V
991 3961 1023 4012 14
1043 3959 1149 4014 domino
1170 3963 1198 4012 et
1216 3959 1348 4028 magistro
1367 3961 1393 4011 A

246 4052 281 4105 15
309 4050 453 4104 uiridantis
478 4051 556 4106 Rae.
590 4051 741 4122 uiridantas
771 4052 789 4117 (i
808 4048 833 4103 ’2.
859 4051 884 4119 e)
912 4049 935 4103 0
957 4047 1126 4101 uiriditantis
1153 4049 1181 4102 0·
1201 4046 1344 4101 uiridentis
1367 4049 1393 4098 A

245 4141 361 4194 uirentis
379 4141 459 4210 Rpc.
515 4147 542 4194 et
556 4143 609 4210 jin.
629 4143 722 4196 om.A
761 4141 792 4193 16
814 4139 928 4193 edocans
950 4142 978 4204 (2
996 4154 1017 4189 s.
1038 4136 1108 4203 o)O
1145 4137 1178 4190 18
1197 4137 1251 4189 iam
1271 4152 1321 4190 om.
1344 4136 1393 4190 ΘΑ

245 4230 435 4284 commotionis
450 4230 504 4282 AO
540 4231 573 4286 19
588 4247 657 4300 quae
672 4246 753 4298 quam
770 4245 825 4280 non
843 4233 901 4280 tum
923 4229 991 4294 (turn
1006 4242 1028 4278 s.
1044 4225 1073 4292 l.)
1090 4229 1185 4295 potero
1204 4223 1227 4278 0
1263 4224 1298 4277 20
1316 4240 1393 4293 prae-

247 4319 340 4372 uenire
364 4328 396 4386 (a.
418 4319 431 4371 l
454 4318 474 4384 i)
500 4318 527 4372 R
552 4319 658 4387 pueniri
682 4318 739 4372 eius
764 4315 832 4370 facie
856 4333 872 4369 o
981 4331 1067 4382 paene
1090 4318 1116 4380 (o
1140 4331 1161 4367 s.
1188 4314 1215 4384 a)
1235 4314 1261 4367 R
1284 4312 1396 4382 pencC

246 4424 262 4460 a
281 4406 369 4476 nobis]
389 4407 467 4460 nobis
486 4425 501 4460 o
574 4407 697 4460 uidemur
716 4407 743 4458 A
