3204 4996
265 439 308 502 10·
778 432 893 488 Rufini

308 629 339 692 5.
363 627 482 693 Uerum
505 646 544 692 ne
572 627 631 692 hoc
661 626 788 710 quidem
815 643 935 690 nouum
963 628 1019 688 aut
1046 623 1248 706 peregrinum
1277 625 1411 702 estiis,

262 734 347 818 apud
375 751 454 817 quos
483 734 610 798 diuinae
637 733 857 817 philosophiae
885 731 991 797 studia
1018 731 1139 815 uigent„
1172 733 1209 794 ut
1237 749 1272 796 er
1305 729 1411 795 ordine

263 841 491 926 discipulorum
520 840 591 922 quis
619 841 651 904 in
680 841 906 925 magistrorum
934 837 1121 904 adsumatur
1149 837 1300 915 officium,
1330 839 1412 902 sicut

261 966 300 1012 ne
327 951 441 1012 nautae
472 947 599 1030 quidem
628 947 794 1029 probabili,
828 947 856 1011 si
880 963 933 1010 res
961 949 1083 1030 poscat,
1116 944 1155 1009 ad
1182 944 1411 1029 inspectionem

261 1073 370 1140 proras
397 1048 559 1120 transferri
590 1056 644 1119 uel
676 1073 712 1119 ex
744 1054 799 1118 illo
832 1055 912 1132 loco,
946 1053 974 1117 si
1006 1055 1173 1117 uentcmm
1207 1052 1412 1135 probabiliter
1441 1071 1455 1112 a

262 1163 427 1246 collegerit
454 1161 664 1244 disciplinam,
698 1161 738 1228 ad
766 1162 836 1244 ipsa
867 1160 958 1224 nauis
991 1160 1205 1244 gubernacula
1236 1159 1410 1241 prouocati.

262 1269 315 1335 uel
350 1269 527 1334 fortissimo
564 1269 660 1334 militi
697 1287 803 1332 curam
845 1271 968 1332 turmae
1011 1266 1213 1348 cohortisque
1255 1265 1410 1331 committ'

260 1377 313 1441 uel
349 1376 428 1442 bene
470 1380 617 1461 agentem
652 1378 791 1439 turmam
832 1374 871 1438 ad
912 1375 1013 1439 totius
1054 1374 1209 1438 exercitus
1250 1373 1411 1438 transferri

216 1494 232 1546 2
260 1484 491 1568 magisterium.
525 1503 586 1549 non
615 1501 690 1566 ergo
718 1483 880 1547 existimet
906 1483 977 1564 quis
1006 1499 1142 1560 eorum·
1159 1479 1214 1563 qui
1241 1481 1273 1544 in
1302 1479 1410 1543 alienis

260 1589 396 1675 negotiis
430 1589 614 1675 grauissimi
651 1607 797 1654 censores
829 1589 910 1652 fiunt
942 1592 974 1653 et
1007 1607 1041 1654 ex
1080 1587 1146 1655 suis
1182 1587 1273 1651 uitiis
1312 1586 1410 1650 aliena
1428 1599 1452 1644 ιο

260 1702 352 1782 gesta
396 1697 604 1782 perpendunt,
648 1697 732 1780 quod
774 1715 833 1780 ego
881 1695 1058 1760 erubuerim
1105 1693 1275 1758 ministerii
1316 1693 1410 1757 buius

261 1804 393 1888 gradum
422 1804 541 1870 rnaicra
570 1803 761 1870 desiderans.
790 1821 851 1868 non
879 1803 924 1867 ita
953 1821 1011 1886 ego
1040 1821 1111 1866 sum
1144 1801 1198 1866 uel
1231 1800 1409 1865 diuinarum

259 1931 363 1976 rerum
396 1911 626 1995 magnitudinis
659 1911 712 1976 uel
739 1911 948 1975 humanarum
981 1908 1173 1974 humilitatis
1201 1907 1342 1991 ignarus,
1374 1909 1410 1970 ut

260 2035 319 2082 non
339 2036 489 2101 magnum
510 2017 641 2081 arbitrer·
659 2017 826 2081 uniuersae
844 2019 974 2080 naturae
997 2015 1179 2080 mortalium
1204 2013 1410 2096 quoquolibet

259 2122 353 2187 modo
378 2126 410 2187 et
432 2124 464 2186 in
494 2123 638 2206 quolibet
665 2121 772 2188 ordine
801 2123 1050 2206 adpropinquare
1075 2122 1143 2199 deo,
1169 2121 1222 2204 qui
1252 2121 1451 2186 scirem-15

260 2229 479 2294 accessibilem
505 2230 591 2293 omni
615 2232 775 2294 creaturae
798 2229 923 2293 habitat
944 2231 1058 2295 lucem.

305 2336 335 2400 6.
364 2335 451 2416 Quae
478 2336 578 2420 igitur
605 2337 684 2402 ratio
713 2339 764 2402 est
789 2337 1041 2401 inoboedientiae
1070 2341 1179 2401 meae?
1211 2335 1303 2400 uisus
1337 2353 1406 2398 sum

261 2442 377 2508 etenim
400 2442 433 2506 in
455 2443 512 2508 illo
536 2447 677 2527 tempore
700 2443 780 2507 nihil
803 2461 910 2507 meum
932 2444 1046 2508 habere
1073 2461 1130 2508 nec
1157 2443 1237 2507 meis
1265 2441 1406 2505 moribus

261 2549 375 2625 simile,
409 2551 465 2614 sed
493 2550 645 2616 audacius
674 2556 782 2614 contra
815 2550 918 2615 dicere
950 2550 1218 2632 inpudentiasque
1249 2548 1404 2612 resistere.

262 2646 374 2721 causas
399 2676 471 2742 ergo
500 2657 596 2722 huius
624 2659 680 2735 rei,
710 2658 793 2740 quod
822 2659 884 2723 iam
913 2658 1032 2722 dudum
1062 2657 1258 2736 desideraris,
1288 2659 1404 2723 audite.
1424 2667 1451 2710 20

260 2766 430 2848 praecipua
460 2765 523 2830 fuit
553 2765 610 2830 illa
640 2765 886 2848 perturbationis
920 2784 1008 2830 meae
1040 2783 1145 2846 causa,
1184 2764 1269 2846 quod
1302 2766 1407 2831 subito

218 2885 233 2937 2
261 2872 341 2936 mihi
363 2875 592 2954 superuentum
614 2876 674 2937 est.
698 2875 730 2936 et
754 2873 847 2948 siout,
871 2891 945 2936 cum
969 2891 1066 2937 sonus
1090 2872 1206 2955 aliquis
1226 2873 1407 2954 repentinus

261 2979 428 3061 increpuit,
450 2980 618 3044 turbantur
641 2979 738 3044 animi
764 2980 925 3061 inprouiso
952 2983 1070 3044 terrore
1097 2979 1245 3062 perculsi,
1277 2981 1323 3043 ita
1350 2998 1408 3063 ego

263 3105 389 3168 quoque
405 3087 535 3150 territus
555 3089 680 3150 omnem
699 3087 818 3151 resolui
835 3087 1069 3163 uerecundiam,
1090 3087 1268 3169 quaemihi
1287 3105 1410 3168 semper

263 3195 294 3257 in
320 3194 405 3258 omni
428 3194 495 3258 uita
523 3213 593 3258 mea
622 3212 728 3286 comes
755 3193 1002 3258 indissociabilis
1030 3194 1100 3259 luit.
1129 3199 1197 3259 turn
1226 3193 1339 3259 deinde
1365 3211 1408 3256 re·
1426 3199 1453 3242 2⁵

264 3300 403 3365 cordatio
427 3319 477 3365 me
502 3300 619 3366 silentii
645 3304 676 3364 et
701 3301 817 3383 quictis
841 3321 929 3366 meae
952 3301 1174 3367 uehementius
1201 3301 1409 3384 perturbabit,

356 3510 389 3562 15
409 3508 443 3563 ef.
463 3509 476 3562 1
494 3508 562 3561 aim.
583 3509 608 3576 c,
629 3508 662 3561 rc

302 3635 314 3687 l
337 3636 394 3704 aut]
415 3652 446 3689 ac
465 3619 531 3703 (sol)
555 3634 582 3688 V
652 3635 668 3688 2
687 3634 846 3705 filosophiae
865 3634 893 3689 R
911 3635 1079 3705 phylosofiae
1100 3636 1124 3690 0
1192 3635 1209 3688 4
1228 3635 1376 3706 probabilis
1394 3649 1410 3688 o

265 3740 308 3778 res
326 3726 351 3791 (s
370 3739 391 3777 s.
412 3724 441 3790 l.)
459 3721 515 3778 Ro
560 3726 576 3778 5
596 3726 718 3792 prorestc
738 3727 761 3787 (s
777 3723 812 3794 ll]
827 3739 847 3777 a.
869 3724 897 3790 l.)
915 3724 943 3776 A
988 3725 1004 3779 6
1024 3725 1171 3794 collegeret
1188 3725 1210 3779 0
1229 3724 1365 3793 colligerit
1386 3721 1412 3775 V

241 3845 248 3852 ·
265 3813 406 3882 prouocari
423 3811 489 3865 OAo
501 3811 642 3881 peruocari
656 3818 704 3866 oet.
753 3813 785 3866 10
801 3813 1068 3883 grauissimi—uitiis
1082 3805 1175 3882 in'oap.
1190 3813 1218 3866 A
1260 3813 1291 3866 11
1308 3829 1371 3882 ergo
1390 3811 1412 3865 0

267 3902 300 3954 12
320 3899 433 3968 madum
451 3915 625 3970 praesumens
644 3902 672 3954 A
744 3901 845 3954 maiora
864 3900 985 3970 des—p.
1000 3906 1042 3967 12,
1061 3904 1097 3955 19
1116 3905 1144 3956 et
1161 3918 1294 3970 nusquam
1314 3916 1365 3955 om.
1383 3900 1410 3953 A

265 3989 368 4043 maiora
385 4005 559 4058 praesumens
577 3990 590 4042 l
608 3989 631 4057 (i
648 4007 669 4044 a.
690 3989 719 4055 l.)
740 3989 894 4044 desiderans
918 3989 941 4045 0
1031 3992 1065 4044 14
1083 3989 1236 4044 mortalium
1255 4006 1314 4044 esse
1325 3989 1410 4058 Vpo.

266 4081 301 4135 20
314 4095 422 4134 causam
445 4079 472 4132 V
523 4079 607 4150 quod]
624 4085 679 4150 qua
698 4079 725 4133 V
775 4079 876 4134 dudum
896 4077 1009 4148 (πάλαι)]
1030 4079 1076 4134 diu
1094 4079 1157 4135 OCo
1193 4079 1294 4134 aliua
1311 4079 1366 4133 fuit
1388 4079 1414 4132 V

265 4169 300 4222 22
320 4171 348 4221 et
366 4168 437 4222 siout
455 4184 536 4222 sonus
555 4185 615 4222 cum
634 4167 715 4222 alicui
734 4185 750 4222 c
822 4169 921 4239 aliquis
939 4167 1041 4237 ROpc.
1062 4169 1146 4238 aliqui
1168 4167 1222 4222 OV
1274 4167 1308 4222 23
1327 4168 1411 4222 incre·

265 4258 386 4326 pueritc
441 4273 471 4311 ex
489 4258 627 4327 inprouiso
646 4255 698 4310 01²
751 4273 814 4326 ergo
830 4257 864 4312 R·
895 4257 1132 4326 24pcrterritusc
1186 4271 1291 4326 semper
1304 4253 1413 4308 mibiV

267 4345 532 4402 25indessociabilis
550 4346 623 4401 Coc.
648 4371 650 4375 ·
678 4345 869 4400 retardatioR
923 4346 1027 4414 ibina]
1047 4346 1100 4398 rriei
1117 4345 1156 4400 Oo
1209 4343 1415 4399 uehementisl'
