3194 4982
454 433 505 487 III.
524 433 570 488 De
589 432 773 488 luminibus
794 433 908 488 12-13.
1194 437 1256 500 123

101 633 274 716 generatus
308 632 366 708 est,
406 630 480 713 quia
517 649 552 694 ex
588 629 730 715 ingenito
769 633 950 713 generatum
988 649 1087 714 neque
1126 632 1258 715 spiritus

102 740 234 802 sauctus
262 737 295 802 in
323 740 445 820 patrem
472 736 651 801 refunditur
681 738 735 801 uel
766 737 799 801 in
831 737 943 814 filium,
978 737 1052 819 quia
1087 737 1165 803 deus
1198 744 1257 818 est,

103 844 232 909 etiamsi
255 844 287 907 id
311 843 407 926 inpiis
430 861 492 908 non
515 842 651 907 uidetur.
674 843 850 927 proprietas
874 861 948 927 ergo
968 843 1139 927 unicuique
1157 847 1258 912 inmo·

100 951 179 1016 bilis
204 954 264 1029 est,
288 949 427 1033 alioquin
446 968 504 1014 neo
523 949 583 1014 crit
600 949 787 1032 proprietas,
812 949 839 1014 si
858 949 1090 1014 transfunditur
1108 954 1140 1015 et
1158 955 1258 1016 trans·

70 1058 259 1122 electuris
284 1056 429 1121 alterum.
459 1056 516 1120 isti
538 1075 614 1121 uero
639 1056 694 1138 qui
717 1056 893 1140 ingenitum
919 1060 951 1120 et
974 1056 1127 1139 genitum,
1151 1057 1185 1121 id
1209 1063 1259 1124 est
1285 1058 1302 1110 5

101 1166 250 1229 innatum
266 1167 297 1228 et
311 1166 430 1244 natum,
451 1163 491 1228 ad
504 1165 635 1227 naturae
650 1163 811 1246 accipiunt
826 1162 1055 1242 diuersitatem,
1075 1163 1142 1228 eine
1161 1163 1258 1230 dubio

103 1271 202 1336 etiam
222 1267 323 1334 Adam
348 1274 380 1335 et
400 1269 477 1336 Seth
496 1270 639 1334 diuersae
657 1271 739 1334 inter
758 1289 791 1334 se
810 1273 940 1334 naturae
959 1268 1060 1335 fuisse
1080 1270 1257 1353 defendent,

104 1378 254 1462 quoniam
282 1377 384 1442 Adam
413 1375 541 1460 quidem
569 1377 746 1460 plasmatus
777 1381 809 1442 et
835 1376 929 1442 fictus
959 1381 1018 1455 est,
1044 1376 1122 1442 Seth
1150 1381 1256 1442 autem
1284 1405 1290 1417 ·

104 1504 142 1549 er
165 1483 269 1548 Adam
297 1485 329 1546 et
351 1483 419 1546 llua
446 1501 502 1564 por
530 1482 649 1546 coitum
679 1487 847 1567 generatus
876 1485 935 1548 eet.
964 1501 1046 1548 nnus
1076 1501 1150 1567 ergo
1180 1483 1257 1548 deus

58 1609 84 1652 1o
102 1593 136 1655 in
156 1589 212 1674 uhis
235 1589 338 1654 tribus
363 1591 396 1653 ot
419 1589 497 1653 haec
524 1589 586 1654 tria
613 1607 694 1653 nnus
724 1592 774 1653 est
802 1587 880 1652 dous
910 1589 1084 1654 secundum
1113 1608 1149 1653 oa
1178 1608 1258 1671 qnae

105 1697 255 1780 superius
280 1695 496 1779 exposuimus.

153 1805 205 1868 13.
235 1802 353 1868 Uerum
383 1801 457 1882 quia
480 1803 647 1884 oportebat
669 1819 729 1866 non
752 1801 784 1864 in
809 1800 953 1882 supernis
981 1804 1106 1865 tantum
1135 1800 1258 1866 adorari

105 1911 213 1989 deum,
238 1909 295 1974 sod
320 1927 390 1973 esse
415 1908 539 1989 aliquos
564 1908 660 1972 etiam
682 1908 714 1971 in
738 1907 831 1972 terris
856 1907 911 1990 qni
931 1906 1095 1972 adorarent
1113 1907 1207 1972 deum
1224 1908 1258 1972 iu

105 2017 223 2100 spiritu
247 2020 278 2081 et
296 2015 441 2092 ueritate,
465 2019 503 2079 ut
521 2015 627 2079 omnia
644 2013 839 2098 replerentur
857 2013 958 2098 gloria
977 2012 1036 2090 dei,
1062 2013 1136 2097 quia
1154 2013 1259 2078 omnia

58 2145 85 2188 rs
104 2125 198 2208 plena
217 2124 305 2187 erant
324 2122 393 2200 deo,
411 2121 530 2186 idcirco
551 2120 648 2185 etiam
667 2121 761 2186 homo
782 2120 900 2184 diuinis
920 2120 1066 2185 manibus
1085 2120 1259 2185 fabricatur

106 2235 140 2295 et
172 2229 312 2312 imagine
345 2229 414 2293 eius
446 2228 628 2293 honoratur.
665 2227 749 2292 hunc
782 2231 888 2291 antem
920 2225 1043 2290 inuidia
1076 2226 1194 2292 diaboli
1227 2232 1259 2292 et

107 2335 374 2402 contaminatione
397 2335 519 2418 peccati
542 2337 717 2399 aoreatore
737 2333 901 2398 diuulsum
921 2332 1083 2414 despicere
1103 2336 1134 2398 et
1153 2334 1258 2417 negle-

108 2462 182 2528 gere
205 2461 266 2507 non
289 2441 352 2506 fuit
376 2440 434 2505 dei.
459 2439 515 2506 sed
539 2439 615 2523 quid
638 2439 695 2504 fitr
719 2439 796 2522 quid
821 2439 858 2503 de
881 2439 972 2503 nobis
997 2439 1103 2523 agitur
1125 2439 1179 2506 uel
1201 2460 1257 2524 pro
1285 2444 1302 2496 2

106 2549 221 2615 nobis?
240 2567 324 2614 noua
342 2547 496 2630 quaedam
515 2553 547 2612 et
564 2547 706 2612 inaudita
720 2547 857 2612 efficitur
870 2546 1061 2629 permutatio
1076 2551 1258 2612 naturarum

61 2678 90 2721 eo
108 2660 141 2721 et
169 2654 247 2719 deus
275 2656 369 2720 homo
398 2654 447 2731 fit;
477 2658 510 2718 et
538 2654 593 2736 qui
620 2653 806 2719 ascenderat
834 2672 929 2736 super
957 2654 1081 2717 caelum
1110 2653 1190 2718 caeli
1219 2652 1258 2717 ad

107 2763 262 2829 orientem
286 2761 482 2826 sublimitate
507 2779 583 2826 suae
607 2761 761 2826 claritatis
786 2766 818 2826 ct
841 2760 969 2844 gloriae,
998 2760 1038 2824 ad
1062 2759 1258 2825 occidentem

107 2869 268 2934 conuertit
291 2868 425 2951 gloriam
448 2887 539 2933 suam
562 2869 595 2932 et
618 2885 766 2932 occasum
790 2866 968 2951 splendoris
993 2865 1043 2930 sui
1065 2866 1097 2929 in
1122 2867 1181 2931 hac
1200 2865 1258 2929 uili

109 2981 142 3040 et
174 2973 289 3039 humili
320 2993 411 3038 came
444 2977 551 3038 nostra
583 2973 735 3054 recondit,
767 2978 799 3038 et
832 2973 882 3038 dci
908 2972 995 3038 iilius
1024 2972 1162 3055 suscipit
1188 2991 1258 3036 esse

109 3083 207 3148 etiam
230 3081 367 3146 hominis
391 3080 477 3146 iilius
503 3085 534 3146 et
551 3083 611 3147 hoc
631 3081 682 3145 sui
701 3099 875 3165 cognomen
894 3079 933 3145 de
954 3099 987 3144 se
1006 3081 1075 3163 ipse
1093 3078 1260 3161 profitetur

201 3343 234 3396 13
255 3341 286 3395 cf.
305 3341 364 3396 Ioh.
382 3343 409 3409 4,
428 3342 463 3395 23
518 3340 552 3396 20
572 3339 606 3394 cf.
625 3341 670 3395 Ρε.
689 3341 734 3406 67,
753 3341 788 3396 34
872 3370 874 3374 ·

145 3535 163 3588 2
186 3535 214 3588 in
237 3537 315 3604 patre
342 3533 367 3588 G
484 3533 512 3586 in
535 3530 757 3603 patreliuuditur
780 3535 840 3601 (pat
861 3546 882 3586 a.
909 3531 937 3596 l.)
964 3529 991 3586 R
1112 3531 1168 3601 uel]
1194 3534 1221 3586 et
1238 3548 1260 3586 o

111 3626 127 3680 3
147 3625 255 3679 etiamsi
275 3623 308 3678 ab
326 3623 419 3694 impiis
439 3621 483 3687 (ab
504 3638 517 3676 e
536 3624 617 3689 corr.)
631 3620 659 3675 R
744 3620 907 3690 proprietas]
927 3619 1036 3690 proprie
1050 3618 1078 3674 R
1162 3622 1259 3674 immo-

109 3714 175 3768 bilis
192 3711 221 3768 R
294 3711 435 3766 ldiuersc
453 3710 507 3767 RO
597 3708 747 3763 detendunt
764 3708 792 3764 R
812 3707 1020 3763 deniendentO
1096 3708 1259 3778 Squoniam

111 3802 222 3873 quidem
242 3800 319 3855 adam
343 3799 422 3854 OAV
530 3800 628 3855 finctus
651 3796 701 3852 00
782 3800 922 3853 9coetum
945 3797 1018 3852 Cae.
1093 3798 1125 3852 16
1145 3801 1173 3851 et
1191 3797 1258 3850 ima·

111 3889 252 3962 ginemV
309 3889 400 3943 zabuli
421 3888 472 3944 OA
491 3887 594 3949 diabuli
616 3887 688 3942 Cae.
736 3888 768 3942 17
789 3886 965 3956 dispicereO
1012 3886 1045 3940 18
1064 3879 1113 3940 sed
1132 3884 1259 3954 quioquid

110 3983 142 4035 fit
162 3978 196 4033 de
215 3978 293 4032 nobis
313 3979 434 4048 agitare
506 3976 557 4032 fit?
576 3974 653 4046 quid]
674 3976 711 4030 sit
731 3974 803 4045 quod
818 3977 845 4028 A
899 3974 934 4028 20
953 3977 981 4028 et
1001 3979 1066 4028 uate
1084 3974 1131 4043 qui
1150 3989 1202 4026 om.
1220 3972 1260 4026 Vo

110 4084 193 4138 supra
215 4064 265 4120 ΟΔ
300 4066 333 4119 21
355 4064 539 4119 adorientem
559 4063 782 4118 sublimitate-
802 4062 904 4131 gloriae
924 4086 958 4108 =
977 4063 1044 4116 κατὰ
1063 4060 1193 4124 ἀνατολὰς
1211 4067 1260 4131 τῆς

110 4157 178 4218 ἰδίας
197 4155 278 4228 δόξης
297 4176 324 4209 τε
344 4152 388 4207 καὶ
405 4151 587 4225 λαμπρότητος
664 4152 841 4206 sublimitatis
859 4150 914 4205 Ru
930 4151 1114 4206 sublimitates
1136 4150 1162 4204 V
1233 4158 1262 4204 et

111 4246 247 4301 claritatis
266 4249 295 4298 et
312 4245 416 4314 gloriae
434 4243 462 4298 R
534 4242 569 4296 22
589 4242 731 4297 occasuO
806 4241 841 4296 23
860 4242 981 4310 suscepit
1001 4241 1039 4295 Oe
1058 4240 1130 4311 cepit
1152 4239 1259 4294 Oiuci·

111 4337 155 4405 pit
173 4340 200 4389 A
255 4335 290 4388 24
310 4335 393 4388 etiam
411 4333 483 4387 filius
501 4332 619 4386 hominis
637 4333 666 4386 A
738 4332 770 4386 de
790 4349 818 4386 sc
837 4332 896 4401 ipso
914 4330 1020 4400 Rp.c.,o
