3204 4996
272 412 372 478 LXVI
582 407 767 462 Addenda
794 413 831 462 et
859 409 1110 478 Corrigenda.

292 606 340 666 94,
365 605 399 658 15
418 602 616 670 intellegente
635 601 791 672 intellegite
809 602 981 656 scribendum
1001 601 1095 669 (LIV)

279 695 345 760 104,
373 693 405 746 19
424 689 579 760 typothetae
597 705 673 744 error
692 689 759 742 dicit
777 689 808 743 in
827 689 880 744 dici
899 690 1074 760 corrigendae

278 783 340 842 107,
365 785 402 834 10
420 781 480 834 Iesu
502 779 645 834 delendum
666 784 691 833 51
713 779 822 832 numine
836 795 891 848 pro
911 781 1018 833 nomine
1036 779 1208 834 renitendum
1228 779 1277 846 (L)

278 871 337 938 113,
377 872 395 922 9
412 867 500 938 adytis
515 884 569 936 pro
588 866 689 920 abditis
707 866 881 921 scribendum
900 867 948 936 (L)

283 960 338 1021 115,
378 961 396 1012 8
412 964 475 1026 poet
493 956 616 1027 propriae
636 956 792 1010 addendam
813 959 841 1010 et
860 957 991 1024 (LVIII)

277 1049 341 1111 120,
380 1051 399 1100 3
418 1048 526 1116 oportet
544 1045 688 1099 delendam
708 1045 851 1112 (XLVII)

275 1138 339 1198 128,
363 1137 398 1188 21
415 1134 563 1190 meruerint
580 1133 753 1188 scribendum
771 1133 866 1203 (LIV)

275 1227 339 1290 135,
364 1226 401 1277 10
418 1240 487 1278 crue
506 1223 623 1276 delendo
642 1229 668 1276 et
687 1222 760 1292 quod
779 1226 808 1276 et
825 1223 849 1276 si
866 1223 1038 1278 scribendam
1058 1223 1202 1290 (XLVII)

276 1316 340 1380 135,
364 1315 400 1366 17
418 1313 445 1365 15
467 1318 532 1365 onte
549 1311 612 1380 igne
631 1311 806 1366 tnserendum
824 1310 958 1382 (LVIII)

278 1404 338 1470 141,
357 1405 399 1456 20
416 1401 559 1455 thesauros
578 1400 624 1453 551
637 1401 734 1468 potius
753 1400 913 1454 thensauros
930 1401 1105 1456 scribendam
1123 1399 1250 1468 (LVII)¹
1334 1429 1338 1434 -

273 1494 339 1556 147,
364 1495 402 1544 17
419 1508 473 1543 non
492 1489 635 1544 delendum
654 1489 750 1558 (LVI)
876 1505 878 1510 ’

275 1583 341 1646 160,
365 1582 400 1633 15
419 1579 487 1633 dicit
503 1577 676 1632 scribendum
695 1577 858 1647 (XLVIII)

280 1671 341 1736 161,
361 1672 400 1724 22
417 1670 511 1738 posset
527 1666 700 1722 scribendum
718 1665 814 1736 (LVI)

275 1759 332 1812 165
351 1764 376 1811 51
394 1759 458 1820 167,
478 1761 498 1810 2
516 1771 655 1824 regressus
673 1755 847 1810 scribendum
863 1755 997 1826 (LVIII)

279 1848 337 1910 171,
362 1848 400 1902 10
417 1845 537 1899 habeant
554 1842 728 1898 scribendum
747 1843 878 1911 (LVIII)

275 1939 339 2004 172,
378 1939 516 2004 85115515
534 1940 599 2002 post
621 1934 753 2002 magister
771 1934 864 2002 posito
888 1934 911 1986 si
930 1933 1074 1988 11515πά551
1092 1939 1117 1988 51
1136 1934 1185 1988 1111.
1205 1936 1413 2001 1355515515-

418 2027 494 2076 ratur
510 2023 735 2092 Interrogationh
751 2022 859 2092 51511551
878 2022 1036 2076 addendam
1053 2021 1149 2090 (LVI)

275 2114 339 2177 182,
363 2113 399 2165 13
418 2109 526 2178 quidem
540 2127 595 2179 pro
614 2109 749 2179 quoddam
767 2110 940 2164 scribendum
960 2110 1121 2177 (XLVIII)

277 2200 504 2267 1821555555
528 2201 575 2252 aut
599 2198 792 2267 alligabis...
813 2190 923 2253 accedet
952 2199 1050 2254 litteris
1074 2199 1194 2254 61655115
1221 2214 1280 2253 noe
1302 2198 1413 2252 seriben-

418 2288 456 2341 da
475 2289 584 2356 (XXV)

270 2379 336 2445 185,
360 2379 395 2430 15
415 2377 503 2430 attero
523 2377 581 2432 loco
602 2377 696 2446 quisue
710 2394 765 2444 pro
785 2376 844 2446 quis
865 2392 927 2429 uero
946 2376 1119 2430 scribendam
1137 2375 1271 2446 (LVIII)

276 2469 341 2534 185,
361 2468 401 2519 22
420 2466 500 2519 etiarn
521 2466 543 2518 si
557 2481 612 2534 pro
631 2466 739 2518 etiarnsi
758 2465 980 2534 dista'nyaeadnm
999 2465 1142 2532 (XLVII)

281 2557 458 2621 19151193,
479 2558 498 2608 2
520 2554 561 2607 De
585 2554 722 2608 Hieremia
741 2553 815 2608 dicta
838 2556 980 2623 praesenta
1002 2555 1174 2624 Imperatore,
1197 2553 1270 2623 apud
1293 2570 1373 2622 quem
1391 2557 1418 2608 et

415 2643 560 2698 intercedit
573 2661 620 2713 pro
637 2643 753 2714 quodam
769 2643 941 2713 periclitante
955 2659 1010 2712 pro
1029 2644 1104 2698 tituta¹
1115 2645 1284 2712 sermonen
1296 2643 1416 2712 95115155

414 2733 611 2788 restituendam
628 2732 788 2800 (XLVIII)

276 2825 339 2892 195,
360 2826 399 2876 24
415 2823 496 2891 prius
510 2825 656 2891 autequam
671 2821 815 2876 delendum
828 2822 938 2889 5155555
952 2822 1011 2876 1555
1020 2837 1124 2876 comma
1134 2820 1295 2890 ponendum
1309 2821 1419 2891 (LVII)

273 2916 341 2981 206,
381 2916 398 2965 4
417 2911 506 2965 Iesum
525 2911 669 2965 delendam
687 2912 783 2980 (LIX)

281 3003 338 3065 211,
367 3003 396 3054 11
416 3003 726 3069 temperamentumque
745 3003 984 3070 temperameutem
1004 3001 1192 3070 corrigendam

278 3092 341 3155 215,
381 3091 459 3142 9551
478 3088 621 3142 delendum
639 3089 765 3156 (XLVI)

277 3178 341 3240 218,
379 3180 397 3229 4
417 3178 559 3246 eonpancti
577 3177 751 3230 scribendam
770 3178 818 3244 (L)

274 3268 342 3326 227,
382 3270 399 3318 4
419 3265 521 3318 caelum
534 3281 597 3317 uero
613 3267 744 3333 (oscam)
762 3265 942 3319 esurientibus
956 3265 1129 3320 ministrabat
1141 3282 1207 3321 uoce
1219 3283 1320 3321 manna
1332 3267 1419 3321 deleto

414 3353 586 3408 scribendam
605 3355 653 3420 (L)
973 3363 975 3366 '

273 3447 340 3511 232,
363 3445 401 3498 10
420 3443 576 3512 typothetae
594 3459 669 3497 error
687 3443 795 3496 nomine
814 3444 845 3496 ia
863 3444 974 3496 nomina
993 3444 1168 3514 5555955655

272 3537 339 3596 233,
380 3538 398 3585 3
417 3532 455 3584 sit
473 3530 616 3585 delendum
635 3531 800 3598 (XLVIII)

278 3623 340 3690 241,
360 3624 400 3674 23
419 3619 493 3672 sinus
507 3635 561 3686 pro
581 3619 669 3672 sinum
688 3618 860 3672 scribendum
878 3619 1039 3686 (XLVIII)

273 3713 341 3774 249,
379 3714 397 3761 3
417 3707 503 3760 55555
521 3710 549 3761 51
572 3709 599 3760 in
623 3707 806 3774 sacellatione,
831 3710 859 3760 51
880 3707 951 3760 nihil
973 3709 1074 3778 proieci
1097 3710 1277 3766 littera'e'non
1302 3711 1420 3767 diductio

414 3797 559 3850 scribendo
578 3796 801 3863 (XXII—XXI
806 3797 840 3862 V)

278 3887 341 3952 251,
365 3888 401 3939 13
421 3883 493 3952 quod
513 3888 541 3936 ct
559 3885 650 3952 cipro
671 3884 767 3954 quodsi
787 3888 815 3937 et
832 3884 1003 3940 scribendum
1022 3886 1163 3954 (XLVII)

629 4092 735 4148 Lodls
753 4093 935 4148 LAUDATIS
953 4095 1065 4149 ADDE:

294 4242 339 4306 73,
359 4241 400 4290 22
419 4236 451 4290 cf.
471 4235 484 4288 I
504 4235 564 4290 Cor.
585 4237 608 4298 l,
629 4238 663 4290 30

296 4329 341 4390 76,
382 4328 400 4378 9
419 4324 452 4378 ci,
473 4324 542 4379 Ecol.
561 4325 586 4390 3,
607 4325 630 4378 1.
650 4326 675 4390 8,
694 4327 711 4379 6
