3214 4988
589 454 611 508 1.
630 455 875 527 Apologetious
893 457 1007 513 40-43.
1333 463 1374 526 35

222 670 257 716 se
280 653 394 734 putant
418 669 511 735 posse
536 651 573 715 de
597 651 648 716 his
673 669 753 734 quae
777 669 812 716 se
836 651 976 716 fatentur
996 651 1150 735 ignorare.
1175 656 1246 718 tum
1265 653 1376 719 deinde

223 777 259 822 er
290 757 358 822 ueri
392 757 553 823 similibus
586 760 766 840 frequenter
797 757 891 824 modo
924 758 956 822 in
988 758 1058 836 hoo,
1096 759 1191 824 modo
1227 760 1259 824 in
1296 760 1377 825 illud

222 865 308 929 uersi
332 868 429 948 atque
451 863 568 929 mutati
593 866 625 930 et
653 865 738 928 omni
766 864 862 928 uerbo
891 883 973 929 nunc
1001 864 1253 947 adquiescentes,
1281 866 1376 949 paulo

221 973 297 1052 post
318 970 435 1036 iterum
459 970 654 1036 reluctantes
680 971 775 1034 simul
801 974 833 1035 et
861 969 1033 1054 magistros
1062 974 1094 1036 ct
1121 971 1227 1036 studia
1254 991 1377 1055 permu-

191 1080 294 1142 atant
321 1080 353 1142 et
381 1077 474 1142 uelut
502 1077 609 1160 puluis
638 1080 734 1142 uento
764 1077 906 1162 agitatus
939 1076 1031 1142 facile
1063 1077 1304 1143 transferuntur.
1339 1079 1378 1144 ad
1405 1080 1422 1132 2

221 1183 373 1248 ultimum
402 1203 478 1249 uero
507 1184 665 1250 stultitiae
693 1202 769 1248 suae
801 1184 964 1268 proferunt
992 1185 1149 1261 fructum3
1182 1202 1256 1249 nam
1287 1185 1379 1250 uelut

221 1290 348 1374 fatigati
381 1289 535 1355 audiendo
570 1291 713 1356 diuersos
746 1293 778 1355 ot
809 1290 890 1356 uicti
920 1291 1025 1356 taedio
1059 1291 1156 1356 simul
1190 1291 1295 1356 omnia
1330 1309 1377 1356 re-

223 1399 343 1480 spuunt
366 1401 398 1463 et
420 1399 511 1463 uelut
531 1398 629 1463 ¹uacui
654 1403 686 1464 et
707 1398 815 1464 inanes
839 1419 875 1464 er
899 1399 1045 1465 omnibus
1070 1417 1149 1482 quae
1179 1398 1378 1467 crediderunt

222 1505 301 1570 facti
333 1507 481 1570 continuo
520 1505 615 1569 etiam
654 1508 854 1570 contemnere
891 1509 923 1570 et
958 1505 1093 1571 inridere
1130 1524 1187 1571 nos
1223 1505 1378 1588 incipiunt

180 1631 207 1673 ro
226 1613 318 1677 uelut
344 1611 424 1677 nihil
451 1611 639 1678 rationabile
667 1612 699 1676 in
730 1611 792 1677 fide
825 1615 933 1677 nostra
965 1611 1118 1677 habentes
1152 1615 1184 1676 et
1215 1611 1379 1694 patiuntur

226 1717 309 1801 quod
343 1719 484 1784 accidere
517 1718 600 1783 solet
631 1719 682 1783 his
716 1719 770 1801 qui
804 1719 914 1784 oculos
947 1717 1055 1782 dolent
1088 1722 1120 1784 et
1157 1717 1235 1783 solis
1270 1719 1378 1783 lumen

225 1827 377 1891 accusant
401 1827 455 1890 uel
478 1825 533 1907 qui
556 1843 658 1905 aures,
688 1827 720 1890 et
742 1843 838 1889 uoces
862 1823 1026 1889 hominum
1055 1825 1160 1889 minus
1189 1843 1259 1890 esse
1288 1843 1379 1890 sono-

224 1952 276 1998 ras
300 1935 484 2016 queruntur.

271 2040 323 2104 43.
350 2039 523 2122 Propterea
547 2058 621 2123 ergo
645 2039 748 2104 multo
773 2038 886 2104 utilius
911 2045 960 2103 est
983 2040 1105 2104 animae
1130 2039 1319 2124 simpliciter
1348 2047 1381 2105 et

179 2167 208 2210 ns
225 2167 303 2231 pure
330 2147 477 2212 ueritatis
505 2147 662 2212 elementa
689 2145 851 2228 suscipere
880 2149 912 2211 et
938 2147 1030 2211 uelut
1057 2147 1137 2212 ceris
1171 2164 1208 2212 aa
1238 2147 1378 2212 nondum

227 2255 404 2320 charaxatis
426 2254 598 2319 inscribere
622 2273 717 2336 quam
740 2272 841 2335 super
857 2253 914 2318 illa
942 2272 1022 2337 quae
1051 2258 1123 2320 ante
1150 2253 1233 2319 male
1261 2255 1379 2338 scripta

228 2364 304 2426 sunt
326 2361 545 2445 superducere,
573 2360 607 2424 id
631 2363 681 2426 est
703 2379 800 2444 supra
823 2360 940 2424 malam
968 2361 1143 2427 doctrinam
1171 2365 1203 2426 et
1230 2381 1380 2445 peruersa

228 2469 379 2553 dogmata
409 2469 543 2533 uerbum
576 2466 650 2532 fidei
683 2487 718 2532 ao
750 2467 896 2532 ueritatis
927 2467 1068 2552 ingerere
1102 2472 1133 2533 et
1165 2489 1238 2534 oum
1269 2469 1381 2551 primis

228 2579 390 2660 postrema
413 2574 613 2641 confundere.
642 2595 715 2640 nam
738 2574 824 2640 uiam
849 2573 978 2658 quidem
1001 2575 1145 2640 incedere
1173 2575 1321 2639 adtritam
1350 2578 1382 2640 et

182 2701 211 2743 ao
227 2683 401 2767 lenigatam
426 2682 619 2747 adsiduitate
644 2681 889 2748 commeantium
913 2682 1053 2765 praestat
1076 2700 1171 2765 quam
1194 2681 1381 2746 inusitatam

226 2793 259 2856 ct
280 2789 392 2854 rudem
416 2791 448 2853 et
470 2789 567 2854 nullis
592 2791 685 2853 antea
706 2787 855 2872 uestigiis
880 2788 1107 2871 proculcatam,
1132 2806 1278 2871 eampum
1304 2806 1380 2869 quo·

227 2916 288 2980 que
321 2915 424 2962 serere
457 2895 604 2961 exercitio
639 2895 733 2960 aratri
764 2893 939 2977 frequentis
972 2894 1147 2960 edomitum
1179 2893 1295 2958 melius
1330 2897 1381 2958 est

228 3023 321 3087 quam
346 3004 439 3069 illum
463 3003 517 3086 qui
540 3003 671 3088 ignarus
695 3005 745 3066 est
768 3001 850 3066 sulci
875 3004 906 3066 et
925 3001 1063 3066 uomeris
1083 3001 1225 3078 nescium
1244 3000 1381 3065 animam

226 3129 302 3176 uero
325 3110 415 3175 illam
438 3109 554 3175 molius
579 3109 729 3189 excolam,
753 3127 833 3192 quae
857 3108 945 3174 nullo
970 3108 1072 3172 adhuc
1096 3107 1230 3192 maligni
1249 3105 1380 3172 cultoris

176 3235 209 3279 aa
227 3219 328 3282 aratro
347 3219 502 3281 temerata
521 3218 570 3280 est
588 3234 647 3280 nec
667 3215 890 3297 praeuentione
912 3215 1045 3297 pessimi
1064 3214 1195 3280 seminis
1215 3216 1379 3296 occupata.

228 3324 367 3405 alioquin
406 3323 621 3406 duplicabitur
658 3323 748 3387 nobis
784 3323 883 3402 labor,
927 3322 1003 3387 dum
1039 3339 1170 3388 necesse
1208 3326 1257 3386 est
1293 3321 1380 3405 prius
1409 3327 1426 3379 2

318 3568 335 3622 5
355 3567 388 3622 11.
408 3565 476 3638 Eph.
495 3567 522 3631 4,
543 3567 576 3620 14
650 3563 736 3622 1811.
756 3566 833 3620 Rom.
856 3565 899 3631 10,
919 3567 944 3618 8.
964 3565 978 3620 1
996 3565 1065 3623 Tim.
1084 3565 1110 3635 4,
1131 3566 1147 3620 6
1221 3563 1255 3619 of.
1274 3563 1302 3617 II
1322 3561 1381 3618 Cor.

228 3656 254 3723 6,
274 3655 298 3709 t.
319 3655 376 3712 Col.
398 3656 424 3722 1,
443 3656 467 3711 5.
486 3656 542 3711 Iao.
563 3657 587 3724 1,
608 3656 641 3709 18

266 3833 379 3904 lposse
398 3837 498 3903 putant
519 3833 556 3888 Oc
637 3835 734 3903 putent
750 3833 831 3901 Rpc.
904 3833 971 3885 2111
990 3831 1060 3900 ueri]
1080 3831 1154 3885 exuri
1177 3829 1249 3886 Ome.
1326 3827 1380 3881 fre-

230 3926 344 3992 quenter
362 3921 391 3976 in
410 3922 462 3976 hoc
481 3920 561 3976 modo
582 3923 610 3976 in
630 3921 699 3976 illud
721 3922 770 3977 ΘΑ
807 3923 825 3975 4
844 3922 1012 3976 reluctantes
1031 3921 1110 3976 11111.
1148 3921 1164 3973 6
1184 3917 1279 3987 stultip
1297 3917 1378 3972 Rae.

229 4012 244 4064 7
268 4009 313 4066 -do
339 4011 524 4080 diuersos-p.
550 4015 597 4079 37,
621 4014 658 4065 16
680 4027 774 4066 sensus
798 4027 850 4065 om.
875 4011 901 4064 A
1013 4011 1029 4063 9
1053 4012 1243 4078 contempnere
1270 4005 1382 4074 O,Cp.c.

229 4101 260 4155 11
282 4101 409 4157 accedere
432 4099 494 4168 O(i
513 4117 595 4169 apr.
617 4103 651 4168 e),
674 4100 748 4154 Cae,
836 4101 869 4153 12
889 4115 987 4154 sonora
1009 4099 1036 4152 V
1116 4097 1149 4151 13
1169 4096 1336 4166 quaeruntur
1359 4092 1383 4147 0

229 4193 262 4245 15
280 4209 347 4264 pure
366 4191 394 4246 R
503 4189 634 4244 elimenta
654 4188 726 4243 Ome.
833 4189 866 4242 16
886 4188 1017 4242 caraxatis
1038 4187 1076 4242 Uo
1185 4185 1284 4254 scripte
1307 4182 1382 4238 Oce.

229 4283 261 4336 11
281 4297 331 4350 sup
353 4279 391 4336 Uo
468 4278 503 4334 20
522 4279 655 4334 inusitata
674 4282 702 4344 (a
721 4294 754 4332 ex
772 4281 797 4344 e)
812 4278 841 4332 R
896 4277 929 4329 21
949 4277 1105 4346 proculcata
1123 4292 1157 4330 eoo
1175 4273 1340 4345 proculcatis
1354 4272 1383 4327 R

228 4370 410 4435 22111111111
431 4368 538 4438 (11.1)
561 4368 584 4422 O
655 4368 751 4422 aratris
774 4366 797 4420 0
851 4367 885 4421 23
906 4369 935 4420 11
952 4366 1069 4419 nomenis
1089 4367 1131 4418 est
1149 4362 1255 4418 nescius
1279 4361 1301 4415 0

1311 4467 1347 4522 3*
