3214 4988
282 388 324 452 ag
798 382 913 436 aaran

281 579 364 642 intra
387 582 512 644 nosmet
533 577 621 660 ipsos
646 577 780 659 propriis
807 577 894 642 uitiis
925 595 961 642 ao
988 577 1191 660 passionibus
1219 577 1427 660 inpugnamur

283 687 315 748 et
338 684 388 749 die
411 687 570 767 noctuque
593 683 703 768 ignitis
728 684 867 750 stimulis
891 686 1031 768 corporis
1055 675 1247 750 humilitatis
1274 683 1371 747 huius
1396 686 1428 746 et

282 791 421 872 corporis
453 791 565 856 mortis
599 810 781 874 urguemur,
810 810 891 856 nunc
924 793 1059 856 latenter
1089 811 1172 856 nuno
1201 791 1296 855 etiam
1326 789 1427 871 palam

281 899 528 979 prouocantibus
552 897 669 980 ubique
694 903 725 963 et
747 898 949 963 imitantibus
977 918 1082 964 rerum
1111 897 1291 963 nisibilium
1320 897 1427 960 inlece-

201 1053 204 1058 .
283 1003 364 1082 bris,
382 1004 450 1068 luto
475 1005 533 1070 hoc
558 1005 665 1081 faecis,
690 1005 740 1070 oui
759 1004 964 1084 inhaesimus,
987 1004 1075 1070 caeni
1097 1005 1148 1069 sui
1167 1003 1320 1069 foetorem
1340 1001 1426 1065 uenis
1457 1023 1467 1064 a

282 1111 500 1194 capacioribus
525 1112 699 1190 exhalante,
724 1111 780 1176 sed
805 1115 836 1174 et
858 1113 930 1195 lege
953 1111 1086 1194 peccati,
1111 1129 1190 1193 quae
1215 1111 1314 1174 estin
1334 1127 1428 1172 mem-

282 1217 348 1280 bris
371 1217 498 1296 nostris,
521 1216 586 1302 legi
614 1217 745 1300 spiritus
769 1220 974 1300 repugnante,
1002 1218 1078 1282 dum
1101 1217 1272 1302 imaginem
1300 1215 1427 1299 regiam,

284 1342 364 1405 quae
392 1324 474 1388 intra
501 1342 558 1388 nos
588 1327 647 1398 est,
676 1324 834 1406 captiuam
863 1324 977 1388 ducere
1006 1323 1124 1400 studet,
1157 1327 1195 1387 ut
1223 1322 1335 1406 spoliis
1363 1321 1428 1385 eius

284 1430 375 1494 cedat
402 1430 556 1513 quidquid
584 1429 663 1494 illud
692 1435 751 1510 est,
785 1431 869 1513 quod
896 1431 928 1494 in
960 1451 1016 1496 nos
1050 1429 1201 1495 beneficio
1236 1428 1363 1493 diuinae
1395 1447 1428 1490 nc

238 1544 255 1595 2
282 1537 400 1620 primae
432 1537 519 1602 illins
553 1537 742 1602 conditionis
775 1534 906 1602 influxit.
943 1537 1025 1601 unde
1058 1537 1110 1601 nix
1144 1535 1260 1617 aliquis
1298 1535 1429 1599 fortasse
1445 1554 1468 1596 10

282 1645 378 1726 longa
396 1663 429 1708 se
450 1647 481 1708 et
500 1643 651 1708 destricta
668 1663 780 1727 regens
799 1643 1000 1726 philosophia
1019 1648 1050 1708 et
1063 1643 1217 1725 paulatim
1232 1641 1428 1706 nobilitatem

284 1751 406 1814 animae
434 1769 510 1815 suae
537 1752 677 1815 recolens
705 1755 850 1815 naturam
877 1751 970 1825 lucis,
1004 1769 1083 1833 quae
1110 1750 1142 1814 in
1172 1769 1206 1813 se
1235 1751 1285 1813 est
1318 1746 1429 1811 humili

284 1857 359 1922 huic
381 1860 414 1921 et
432 1856 596 1921 tenebroso
614 1858 683 1921 luto
703 1857 879 1935 coniuncta,
903 1859 1085 1922 reuocatae
1104 1856 1245 1921 reflectat
1263 1855 1303 1920 ad
1322 1855 1427 1934 deum;

284 1964 336 2028 uel
361 1964 388 2028 si
416 1967 500 2028 certe
523 1963 658 2045 propitio
683 1982 719 2028 eo
748 1967 831 2046 agat,
859 1967 1029 2045 utrumque
1059 1963 1175 2045 pariter
1200 1962 1375 2039 reuocabit
1404 1961 1430 2025 si

284 2074 389 2134 tamen
412 2071 507 2154 longa
531 2073 562 2135 et
586 2071 719 2135 adsidua
741 2070 946 2136 meditatione
970 2071 1132 2135 insuescat
1156 2089 1283 2135 sursum
1307 2088 1466 2152 sempera

285 2177 425 2258 aspicere
450 2181 482 2242 et
505 2177 653 2242 deorsum
671 2179 752 2242 male
770 2178 947 2242 trahentem
966 2196 1002 2241 ae
1022 2178 1247 2260 degrauantem
1265 2176 1428 2240 materiam

240 2295 257 2347 3
286 2283 415 2349 sibimet
447 2284 630 2348 adstrictam
663 2283 758 2348 frenis
790 2285 959 2348 artioribus
993 2283 1168 2348 subleuure.
1201 2285 1290 2366 prius
1324 2287 1427 2348 autem

279 2409 373 2471 qnam
403 2392 462 2454 hoc
491 2390 631 2455 obtineat
663 2394 695 2455 et
726 2393 773 2469 ut,
806 2391 838 2455 in
872 2394 1025 2472 quantum
1057 2390 1125 2455 fieri
1157 2393 1273 2474 potest,
1308 2395 1426 2454 ceteros

278 2497 420 2562 homines
454 2497 557 2562 cordis
590 2497 728 2578 puritate
759 2497 936 2579 praecedat,
975 2516 1120 2580 praeesse
1158 2497 1207 2560 his
1245 2498 1330 2561 uelle
1368 2517 1426 2562 non

277 2603 380 2682 debet,
415 2623 549 2686 quornm
578 2622 611 2668 se
644 2605 859 2688 purgatiorem
892 2623 962 2669 esse
994 2623 1054 2668 non
1088 2604 1195 2681 sentit,
1229 2623 1288 2669 nec
1320 2608 1464 2668 tutumao

278 2715 388 2794 putare
421 2711 627 2776 mediatorem
666 2710 748 2775 effici
785 2711 895 2793 populi
933 2711 1016 2794 apud
1054 2711 1148 2776 deum
1181 2747 1223 2758 -
1257 2711 1343 2793 quod
1380 2714 1426 2774 est

278 2818 414 2900 speciale
440 2816 579 2880 officium
604 2817 776 2881 sacerdotis
800 2854 853 2894 -,
882 2817 943 2882 nisi
968 2836 1001 2882 se
1024 2817 1200 2899 proximum
1231 2820 1262 2881 et
1290 2818 1425 2883 amicum

281 2923 387 2989 uideat
412 2923 474 2988 dei.

369 3170 381 3220 l
402 3169 535 3221 intra-l.
554 3171 571 3220 7
589 3169 771 3236 repugnante]
786 3167 818 3221 ci.
834 3169 981 3236 Augustini
996 3185 1040 3238 op.
1055 3169 1161 3239 imperf.
1177 3187 1199 3223 c.
1215 3169 1350 3222 Iulianum
1365 3171 1423 3224 167

277 3255 362 3323 (XLV
378 3256 447 3310 1089
462 3257 515 3324 M),
530 3257 663 3309 inira—l.
678 3261 715 3310 10
728 3257 852 3326 influxit]
875 3257 908 3311 ei.
924 3256 990 3311 ibid.
1005 3258 1043 3310 VI
1059 3259 1091 3311 14
1106 3258 1187 3326 (XLV
1203 3259 1272 3312 1528
1287 3259 1324 3324 Μ)
1363 3257 1379 3310 2
1394 3258 1423 3311 cl.

279 3346 350 3403 Phil.
371 3345 396 3408 3,
416 3347 447 3399 21
470 3349 498 3399 et
517 3345 594 3398 Rom.
614 3347 638 3408 7,
658 3345 693 3399 24
748 3348 763 3401 5
784 3346 817 3402 cf.
835 3349 879 3400 Ps.
900 3348 943 3411 39,
963 3348 979 3400 3
1034 3347 1099 3401 bel.
1116 3349 1190 3402 Rom.
1207 3349 1231 3416 7,
1247 3349 1280 3402 23
1288 3369 1294 3412 ;
1311 3348 1423 3417 August.

276 3453 320 3504 cp.
341 3435 446 3503 imperf.
467 3436 480 3489 Ι
501 3436 534 3488 69
554 3435 637 3506 (XLV
658 3436 726 3490 1092
745 3437 783 3504 Μ)

314 3577 556 3645 2ctposthuius
577 3595 598 3632 s.
618 3578 682 3632 10
763 3578 878 3631 3morti
901 3579 928 3631 V
997 3595 1124 3647 urgemur
1141 3577 1202 3632 RV
1280 3581 1344 3634 bet
1363 3585 1424 3633 arete

277 3667 336 3720 luto
357 3665 423 3719 odd.
447 3667 474 3719 V
561 3666 627 3721 fecis
649 3666 697 3720 00
791 3667 867 3720 caeni
886 3666 937 3734 sni]
958 3667 1050 3720 censui
1071 3666 1145 3720 Oce.
1162 3677 1178 3698 ⁸
1253 3669 1384 3721 faetorem
1404 3667 1425 3720 O

277 3757 391 3808 fetorem
415 3753 528 3809 Ofacto
549 3755 576 3810 R
649 3755 664 3807 6
685 3754 868 3824 capatioribus
891 3754 941 3807 00
1033 3754 1156 3807 exalanie
1179 3753 1228 3807 ΘΑ
1248 3753 1425 3808 exalantesC

278 3845 469 3898 exhalanteso
516 3847 531 3898 7
551 3844 620 3912 legis
639 3843 667 3897 R
684 3842 746 3911 lege
769 3843 878 3906 0,0o.c.
897 3845 986 3913 legem
1005 3844 1032 3896 A
1055 3860 1088 3898 m.
1108 3859 1159 3896 rec.
1232 3845 1423 3912 repugnantem

279 3932 395 4000 A,Oa.c.
420 3933 584 4002 repugnanti
608 3932 634 3983 V
703 3932 981 4001 9quiequide.c.,c
1053 3933 1081 3985 in
1101 3931 1222 3987 nobisR
1278 3932 1311 3986 10
1329 3932 1423 3985 inluxit

281 4021 346 4075 cdo
425 4023 455 4075 11
478 4021 603 4074 districta
626 4020 729 4074 OACV
827 4022 933 4090 regens]
954 4022 1042 4090 ligans
1062 4022 1139 4089 Ape.
1240 4020 1423 4089 filosophiaR

281 4110 460 4178 phylosophia
484 4109 694 4179 Ophilosofiam
717 4109 789 4163 Oce.
881 4115 909 4164 et
928 4127 979 4165 om.
998 4111 1025 4164 R
1104 4111 1136 4164 13
1157 4111 1328 4164 coniunctam
1347 4111 1375 4164 A
1392 4126 1423 4162 m·

279 4215 330 4254 ree.
401 4199 434 4252 14
453 4199 508 4267 uel]
530 4203 557 4251 et
575 4215 591 4251 c
610 4213 670 4252 cum
688 4199 765 4252 codd.
785 4199 950 4268 quibusdam
969 4200 1148 4254 deterioribus
1221 4200 1264 4268 eo]
1286 4198 1336 4252 deo
1355 4198 1422 4267 Acp.

279 4287 465 4340 reuocauitO
521 4288 682 4341 massanus
704 4288 776 4356 Ope.
849 4290 1012 4343 insuescito
1068 4288 1100 4342 17
1121 4288 1260 4342 astrictam
1279 4288 1307 4341 A
