<?xml version="1.0" encoding="UTF-8"?>
<!DOCTYPE html PUBLIC "-//W3C//DTD XHTML 1.0 Transitional//EN"
    "http://www.w3.org/TR/xhtml1/DTD/xhtml1-transitional.dtd">
<html xmlns="http://www.w3.org/1999/xhtml" xml:lang="en" lang="en">
 <head>
  <title>
</title>
<meta http-equiv="Content-Type" content="text/html;charset=utf-8" />
  <meta name='ocr-system' content='tesseract 3.04.00' />
  <meta name='ocr-capabilities' content='ocr_page ocr_carea ocr_par ocr_line ocrx_word'/>
</head>
<body>
  <div class='ocr_page' id='page_1' title='image "./tyranniirvfinio00engegoog_0015.png"; bbox 0 0 3204 4996; ppageno 0'>
   <div class='ocr_carea' id='block_1_1' title="bbox 200 346 246 412">
    <p class='ocr_par' dir='ltr' id='par_1_1' title="bbox 200 346 246 412">
     <span class='ocr_line' id='line_1_1' title="bbox 200 346 246 412; baseline 0.043 -2"><span class='ocrx_word' id='word_1_1' title='bbox 200 346 246 412; x_wconf 92' lang='lat' dir='ltr'>VI</span> 
     </span>
    </p>
   </div>
   <div class='ocr_carea' id='block_1_2' title="bbox 197 538 1352 3392">
    <p class='ocr_par' dir='ltr' id='par_1_2' title="bbox 199 538 1352 1262">
     <span class='ocr_line' id='line_1_2' title="bbox 201 538 1350 624; baseline -0.001 -19"><span class='ocrx_word' id='word_1_2' title='bbox 201 561 295 623; x_wconf 91' lang='lat' dir='ltr'>quam</span> <span class='ocrx_word' id='word_1_3' title='bbox 319 541 448 605; x_wconf 89' lang='lat' dir='ltr'>minime</span> <span class='ocrx_word' id='word_1_4' title='bbox 473 540 639 621; x_wconf 89' lang='lat' dir='ltr'>spernendi</span> <span class='ocrx_word' id='word_1_5' title='bbox 658 543 755 616; x_wconf 86' lang='lat' dir='ltr'>orant,</span> <span class='ocrx_word' id='word_1_6' title='bbox 777 538 985 604; x_wconf 84' lang='lat' dir='ltr'>Oroniensem</span> <span class='ocrx_word' id='word_1_7' title='bbox 1006 543 1037 604; x_wconf 85' lang='lat' dir='ltr'>et</span> <span class='ocrx_word' id='word_1_8' title='bbox 1056 539 1248 624; x_wconf 84' lang='lat' dir='ltr'>Augiensem</span> <span class='ocrx_word' id='word_1_9' title='bbox 1269 539 1350 616; x_wconf 90' lang='lat' dir='ltr'>dico,</span> 
     </span>
     <span class='ocr_line' id='line_1_3' title="bbox 199 644 1352 729; baseline 0 -19"><span class='ocrx_word' id='word_1_10' title='bbox 199 646 425 711; x_wconf 85' lang='lat' dir='ltr'>indicaueram.</span> <span class='ocrx_word' id='word_1_11' title='bbox 469 644 587 711; x_wconf 89' lang='lat' dir='ltr'>codicis</span> <span class='ocrx_word' id='word_1_12' title='bbox 625 648 732 708; x_wconf 85' lang='lat' dir='ltr'>autom</span> <span class='ocrx_word' id='word_1_13' title='bbox 768 644 957 729; x_wconf 80' lang='lat' dir='ltr'>Baginensis</span> <span class='ocrx_word' id='word_1_14' title='bbox 995 645 1150 729; x_wconf 79' lang='lat' dir='ltr'>singulari</span> <span class='ocrx_word' id='word_1_15' title='bbox 1185 650 1352 729; x_wconf 89' lang='lat' dir='ltr'>perspecta</span> 
     </span>
     <span class='ocr_line' id='line_1_4' title="bbox 205 751 1350 836; baseline -0.003 -17"><span class='ocrx_word' id='word_1_16' title='bbox 205 753 388 819; x_wconf 88' lang='lat' dir='ltr'>condicione</span> <span class='ocrx_word' id='word_1_17' title='bbox 412 756 516 818; x_wconf 90' lang='lat' dir='ltr'>totum</span> <span class='ocrx_word' id='word_1_18' title='bbox 540 751 656 816; x_wconf 91' lang='lat' dir='ltr'>librum</span> <span class='ocrx_word' id='word_1_19' title='bbox 679 752 762 816; x_wconf 90' lang='lat' dir='ltr'>lucis</span> <span class='ocrx_word' id='word_1_20' title='bbox 787 771 846 834; x_wconf 90' lang='lat' dir='ltr'>ope</span> <span class='ocrx_word' id='word_1_21' title='bbox 870 751 1101 836; x_wconf 89' lang='lat' dir='ltr'>depingendum</span> <span class='ocrx_word' id='word_1_22' title='bbox 1121 770 1230 817; x_wconf 86' lang='lat' dir='ltr'>curare</span> <span class='ocrx_word' id='word_1_23' title='bbox 1250 753 1350 817; x_wconf 83' lang='lat' dir='ltr'>satius</span> 
     </span>
     <span class='ocr_line' id='line_1_5' title="bbox 201 858 1349 944; baseline -0.001 -20"><span class='ocrx_word' id='word_1_24' title='bbox 201 862 349 925; x_wconf 85' lang='lat' dir='ltr'>duxeram</span> <span class='ocrx_word' id='word_1_25' title='bbox 374 879 469 942; x_wconf 89' lang='lat' dir='ltr'>quam</span> <span class='ocrx_word' id='word_1_26' title='bbox 494 858 661 924; x_wconf 86' lang='lat' dir='ltr'>collatione</span> <span class='ocrx_word' id='word_1_27' title='bbox 685 859 841 924; x_wconf 86' lang='lat' dir='ltr'>confidere</span> <span class='ocrx_word' id='word_1_28' title='bbox 861 877 897 924; x_wconf 93' lang='lat' dir='ltr'>eo</span> <span class='ocrx_word' id='word_1_29' title='bbox 917 863 1058 944; x_wconf 86' lang='lat' dir='ltr'>tempore</span> <span class='ocrx_word' id='word_1_30' title='bbox 1078 859 1172 935; x_wconf 88' lang='lat' dir='ltr'>facta,</span> <span class='ocrx_word' id='word_1_31' title='bbox 1197 879 1258 942; x_wconf 93' lang='lat' dir='ltr'>quo</span> <span class='ocrx_word' id='word_1_32' title='bbox 1277 859 1349 924; x_wconf 87' lang='lat' dir='ltr'>libri</span> 
     </span>
     <span class='ocr_line' id='line_1_6' title="bbox 200 965 1351 1052; baseline -0.003 -20"><span class='ocrx_word' id='word_1_33' title='bbox 200 967 406 1052; x_wconf 82' lang='lat' dir='ltr'>singularitas</span> <span class='ocrx_word' id='word_1_34' title='bbox 442 966 581 1030; x_wconf 91' lang='lat' dir='ltr'>nondum</span> <span class='ocrx_word' id='word_1_35' title='bbox 618 968 686 1030; x_wconf 90' lang='lat' dir='ltr'>erat</span> <span class='ocrx_word' id='word_1_36' title='bbox 722 966 859 1048; x_wconf 87' lang='lat' dir='ltr'>cognita.</span> <span class='ocrx_word' id='word_1_37' title='bbox 899 967 1075 1052; x_wconf 78' lang='lat' dir='ltr'>aegrotanti</span> <span class='ocrx_word' id='word_1_38' title='bbox 1106 965 1206 1050; x_wconf 90' lang='lat' dir='ltr'>igitur</span> <span class='ocrx_word' id='word_1_39' title='bbox 1238 966 1351 1032; x_wconf 92' lang='lat' dir='ltr'>editori</span> 
     </span>
     <span class='ocr_line' id='line_1_7' title="bbox 201 1071 1349 1160; baseline -0.002 -22"><span class='ocrx_word' id='word_1_40' title='bbox 201 1075 289 1138; x_wconf 88' lang='lat' dir='ltr'>nulla</span> <span class='ocrx_word' id='word_1_41' title='bbox 315 1074 348 1138; x_wconf 96' lang='lat' dir='ltr'>in</span> <span class='ocrx_word' id='word_1_42' title='bbox 375 1093 408 1137; x_wconf 90' lang='lat' dir='ltr'>re</span> <span class='ocrx_word' id='word_1_43' title='bbox 437 1072 548 1160; x_wconf 79' lang='lat' dir='ltr'>deesse</span> <span class='ocrx_word' id='word_1_44' title='bbox 577 1091 650 1138; x_wconf 91' lang='lat' dir='ltr'>cum</span> <span class='ocrx_word' id='word_1_45' title='bbox 678 1072 841 1156; x_wconf 89' lang='lat' dir='ltr'>religionis</span> <span class='ocrx_word' id='word_1_46' title='bbox 870 1091 941 1138; x_wconf 87' lang='lat' dir='ltr'>esso</span> <span class='ocrx_word' id='word_1_47' title='bbox 969 1076 1145 1156; x_wconf 85' lang='lat' dir='ltr'>putassem,</span> <span class='ocrx_word' id='word_1_48' title='bbox 1174 1071 1349 1137; x_wconf 84' lang='lat' dir='ltr'>mortuiis</span> 
     </span>
     <span class='ocr_line' id='line_1_8' title="bbox 200 1179 842 1262; baseline -0.003 -18"><span class='ocrx_word' id='word_1_49' title='bbox 200 1180 395 1262; x_wconf 87' lang='lat' dir='ltr'>prouinciam</span> <span class='ocrx_word' id='word_1_50' title='bbox 420 1179 588 1244; x_wconf 87' lang='lat' dir='ltr'>succedere</span> <span class='ocrx_word' id='word_1_51' title='bbox 612 1179 741 1261; x_wconf 89' lang='lat' dir='ltr'>pietatis</span> <span class='ocrx_word' id='word_1_52' title='bbox 767 1182 842 1243; x_wconf 88' lang='lat' dir='ltr'>erat.</span> 
     </span>
    </p>

    <p class='ocr_par' dir='ltr' id='par_1_3' title="bbox 197 1283 1352 3392">
     <span class='ocr_line' id='line_1_9' title="bbox 203 1283 1352 1367; baseline -0.003 -16"><span class='ocrx_word' id='word_1_53' title='bbox 203 1283 207 1288; x_wconf 79' lang='grc'><strong>’</strong></span> <span class='ocrx_word' id='word_1_54' title='bbox 246 1286 338 1367; x_wconf 77' lang='lat' dir='ltr'>Quod</span> <span class='ocrx_word' id='word_1_55' title='bbox 375 1290 481 1352; x_wconf 87' lang='lat' dir='ltr'>autem</span> <span class='ocrx_word' id='word_1_56' title='bbox 515 1285 686 1350; x_wconf 87' lang='lat' dir='ltr'>editionem</span> <span class='ocrx_word' id='word_1_57' title='bbox 720 1286 815 1350; x_wconf 92' lang='lat' dir='ltr'>huius</span> <span class='ocrx_word' id='word_1_58' title='bbox 849 1284 1022 1350; x_wconf 90' lang='lat' dir='ltr'>uoluminis</span> <span class='ocrx_word' id='word_1_59' title='bbox 1053 1285 1232 1349; x_wconf 75' lang='lat' dir='ltr'>inchoatam</span> <span class='ocrx_word' id='word_1_60' title='bbox 1263 1285 1352 1350; x_wconf 84' lang='lat' dir='ltr'>facili</span> 
     </span>
     <span class='ocr_line' id='line_1_10' title="bbox 200 1391 1349 1478; baseline -0.003 -21"><span class='ocrx_word' id='word_1_61' title='bbox 200 1393 328 1478; x_wconf 84' lang='lat' dir='ltr'>negotio</span> <span class='ocrx_word' id='word_1_62' title='bbox 353 1396 385 1457; x_wconf 90' lang='lat' dir='ltr'>et</span> <span class='ocrx_word' id='word_1_63' title='bbox 406 1392 497 1456; x_wconf 89' lang='lat' dir='ltr'>breui</span> <span class='ocrx_word' id='word_1_64' title='bbox 513 1395 662 1473; x_wconf 57' lang='lat' dir='ltr'>„tompore</span> <span class='ocrx_word' id='word_1_65' title='bbox 687 1391 726 1456; x_wconf 91' lang='lat' dir='ltr'>ad</span> <span class='ocrx_word' id='word_1_66' title='bbox 749 1392 844 1455; x_wconf 88' lang='lat' dir='ltr'>tinem</span> <span class='ocrx_word' id='word_1_67' title='bbox 868 1391 997 1473; x_wconf 89' lang='lat' dir='ltr'>perduci</span> <span class='ocrx_word' id='word_1_68' title='bbox 1021 1410 1114 1474; x_wconf 90' lang='lat' dir='ltr'>posse</span> <span class='ocrx_word' id='word_1_69' title='bbox 1139 1411 1349 1473; x_wconf 88' lang='lat' dir='ltr'>speraueram,</span> 
     </span>
     <span class='ocr_line' id='line_1_11' title="bbox 200 1497 1349 1582; baseline 0.001 -20"><span class='ocrx_word' id='word_1_70' title='bbox 200 1501 276 1564; x_wconf 88' lang='lat' dir='ltr'>haec</span> <span class='ocrx_word' id='word_1_71' title='bbox 310 1518 381 1582; x_wconf 90' lang='lat' dir='ltr'>spes</span> <span class='ocrx_word' id='word_1_72' title='bbox 414 1519 464 1563; x_wconf 90' lang='lat' dir='ltr'>me</span> <span class='ocrx_word' id='word_1_73' title='bbox 497 1498 622 1562; x_wconf 86' lang='lat' dir='ltr'>fefellit.</span> <span class='ocrx_word' id='word_1_74' title='bbox 655 1517 727 1562; x_wconf 84' lang='lat' dir='ltr'>mor</span> <span class='ocrx_word' id='word_1_75' title='bbox 761 1498 844 1562; x_wconf 89' lang='lat' dir='ltr'>enirn</span> <span class='ocrx_word' id='word_1_76' title='bbox 877 1517 945 1562; x_wconf 90' lang='lat' dir='ltr'>eam</span> <span class='ocrx_word' id='word_1_77' title='bbox 974 1517 1044 1563; x_wconf 88' lang='lat' dir='ltr'>esse</span> <span class='ocrx_word' id='word_1_78' title='bbox 1076 1497 1129 1561; x_wconf 91' lang='lat' dir='ltr'>uel</span> <span class='ocrx_word' id='word_1_79' title='bbox 1157 1499 1349 1579; x_wconf 85' lang='lat' dir='ltr'>optimorum</span> 
     </span>
     <span class='ocr_line' id='line_1_12' title="bbox 200 1604 1350 1688; baseline -0.002 -18"><span class='ocrx_word' id='word_1_80' title='bbox 200 1607 345 1671; x_wconf 88' lang='lat' dir='ltr'>codicum</span> <span class='ocrx_word' id='word_1_81' title='bbox 365 1605 602 1670; x_wconf 86' lang='lat' dir='ltr'>Rufinianorum</span> <span class='ocrx_word' id='word_1_82' title='bbox 622 1604 845 1670; x_wconf 84' lang='lat' dir='ltr'>auctoritatem</span> <span class='ocrx_word' id='word_1_83' title='bbox 863 1605 1098 1688; x_wconf 79' lang='lat' dir='ltr'>intellegebam,</span> <span class='ocrx_word' id='word_1_84' title='bbox 1117 1608 1154 1669; x_wconf 91' lang='lat' dir='ltr'>ut</span> <span class='ocrx_word' id='word_1_85' title='bbox 1172 1605 1237 1670; x_wconf 80' lang='lat' dir='ltr'>nisi¹</span> <span class='ocrx_word' id='word_1_86' title='bbox 1254 1605 1350 1688; x_wconf 90' lang='lat' dir='ltr'>scrip-</span> 
     </span>
     <span class='ocr_line' id='line_1_13' title="bbox 198 1711 1348 1795; baseline -0.002 -19"><span class='ocrx_word' id='word_1_87' title='bbox 198 1713 276 1778; x_wconf 82' lang='lat' dir='ltr'>toris</span> <span class='ocrx_word' id='word_1_88' title='bbox 305 1712 463 1777; x_wconf 90' lang='lat' dir='ltr'>scribendi</span> <span class='ocrx_word' id='word_1_89' title='bbox 490 1711 612 1776; x_wconf 87' lang='lat' dir='ltr'>ratione</span> <span class='ocrx_word' id='word_1_90' title='bbox 640 1713 799 1794; x_wconf 78' lang='lat' dir='ltr'>explorata</span> <span class='ocrx_word' id='word_1_91' title='bbox 823 1711 1014 1794; x_wconf 89' lang='lat' dir='ltr'>ponitusque</span> <span class='ocrx_word' id='word_1_92' title='bbox 1037 1715 1203 1795; x_wconf 87' lang='lat' dir='ltr'>perspecta</span> <span class='ocrx_word' id='word_1_93' title='bbox 1227 1715 1348 1775; x_wconf 88' lang='lat' dir='ltr'>certum</span> 
     </span>
     <span class='ocr_line' id='line_1_14' title="bbox 200 1818 1349 1901; baseline -0.004 -15"><span class='ocrx_word' id='word_1_94' title='bbox 200 1819 238 1886; x_wconf 93' lang='lat' dir='ltr'>de</span> <span class='ocrx_word' id='word_1_95' title='bbox 263 1823 312 1884; x_wconf 88' lang='lat' dir='ltr'>sat</span> <span class='ocrx_word' id='word_1_96' title='bbox 331 1818 504 1882; x_wconf 86' lang='lat' dir='ltr'>multorum</span> <span class='ocrx_word' id='word_1_97' title='bbox 524 1819 666 1883; x_wconf 90' lang='lat' dir='ltr'>locorum</span> <span class='ocrx_word' id='word_1_98' title='bbox 685 1818 786 1882; x_wconf 83' lang='lat' dir='ltr'>forma</span> <span class='ocrx_word' id='word_1_99' title='bbox 805 1818 941 1901; x_wconf 90' lang='lat' dir='ltr'>genuina</span> <span class='ocrx_word' id='word_1_100' title='bbox 958 1818 1113 1883; x_wconf 91' lang='lat' dir='ltr'>iudicium</span> <span class='ocrx_word' id='word_1_101' title='bbox 1132 1818 1205 1882; x_wconf 91' lang='lat' dir='ltr'>ferri</span> <span class='ocrx_word' id='word_1_102' title='bbox 1224 1819 1349 1882; x_wconf 93' lang='lat' dir='ltr'>omnino</span> 
     </span>
     <span class='ocr_line' id='line_1_15' title="bbox 200 1925 1350 2008; baseline 0 -20"><span class='ocrx_word' id='word_1_103' title='bbox 200 1944 261 1988; x_wconf 91' lang='lat' dir='ltr'>non</span> <span class='ocrx_word' id='word_1_104' title='bbox 285 1930 403 2007; x_wconf 85' lang='lat' dir='ltr'>posset.</span> <span class='ocrx_word' id='word_1_105' title='bbox 426 1927 535 2008; x_wconf 82' lang='lat' dir='ltr'>itaque</span> <span class='ocrx_word' id='word_1_106' title='bbox 558 1925 723 2008; x_wconf 79' lang='lat' dir='ltr'>impressis</span> <span class='ocrx_word' id='word_1_107' title='bbox 747 1925 811 1988; x_wconf 88' lang='lat' dir='ltr'>iam</span> <span class='ocrx_word' id='word_1_108' title='bbox 834 1927 941 1989; x_wconf 84' lang='lat' dir='ltr'>tentus</span> <span class='ocrx_word' id='word_1_109' title='bbox 965 1925 1104 2008; x_wconf 91' lang='lat' dir='ltr'>plagulis</span> <span class='ocrx_word' id='word_1_110' title='bbox 1129 1927 1292 1990; x_wconf 87' lang='lat' dir='ltr'>accuratae</span> <span class='ocrx_word' id='word_1_111' title='bbox 1312 1925 1350 1988; x_wconf 91' lang='lat' dir='ltr'>de</span> 
     </span>
     <span class='ocr_line' id='line_1_16' title="bbox 198 2028 1350 2122; baseline 0.002 -28"><span class='ocrx_word' id='word_1_112' title='bbox 198 2028 305 2095; x_wconf 87' lang='lat' dir='ltr'>Rufini</span> <span class='ocrx_word' id='word_1_113' title='bbox 332 2051 445 2116; x_wconf 89' lang='lat' dir='ltr'>genere</span> <span class='ocrx_word' id='word_1_114' title='bbox 465 2031 588 2096; x_wconf 90' lang='lat' dir='ltr'>dicendi</span> <span class='ocrx_word' id='word_1_115' title='bbox 607 2031 686 2095; x_wconf 89' lang='lat' dir='ltr'>mihi</span> <span class='ocrx_word' id='word_1_116' title='bbox 709 2034 798 2094; x_wconf 88' lang='lat' dir='ltr'>erant</span> <span class='ocrx_word' id='word_1_117' title='bbox 819 2031 1077 2122; x_wconf 85' lang='lat' dir='ltr'>redintegrandae</span> <span class='ocrx_word' id='word_1_118' title='bbox 1102 2032 1350 2114; x_wconf 71' lang='lat' dir='ltr'>disquisitiones</span> 
     </span>
     <span class='ocr_line' id='line_1_17' title="bbox 199 2138 1349 2221; baseline 0.001 -19"><span class='ocrx_word' id='word_1_119' title='bbox 199 2139 319 2202; x_wconf 89' lang='lat' dir='ltr'>indices</span> <span class='ocrx_word' id='word_1_120' title='bbox 346 2139 514 2203; x_wconf 89' lang='lat' dir='ltr'>uerborum</span> <span class='ocrx_word' id='word_1_121' title='bbox 539 2139 571 2201; x_wconf 89' lang='grc'>11</span> <span class='ocrx_word' id='word_1_122' title='bbox 600 2138 817 2202; x_wconf 81' lang='lat' dir='ltr'>elocutionum</span> <span class='ocrx_word' id='word_1_123' title='bbox 845 2139 1007 2203; x_wconf 87' lang='lat' dir='ltr'>uberiores</span> <span class='ocrx_word' id='word_1_124' title='bbox 1036 2138 1227 2217; x_wconf 87' lang='lat' dir='ltr'>elaborandi,</span> <span class='ocrx_word' id='word_1_125' title='bbox 1256 2159 1349 2221; x_wconf 90' lang='lat' dir='ltr'>quae-</span> 
     </span>
     <span class='ocr_line' id='line_1_18' title="bbox 200 2244 1350 2328; baseline -0.002 -18"><span class='ocrx_word' id='word_1_126' title='bbox 200 2245 319 2310; x_wconf 89' lang='lat' dir='ltr'>stiones</span> <span class='ocrx_word' id='word_1_127' title='bbox 352 2246 458 2309; x_wconf 90' lang='lat' dir='ltr'>uariae</span> <span class='ocrx_word' id='word_1_128' title='bbox 485 2245 516 2308; x_wconf 90' lang='lat' dir='ltr'>in</span> <span class='ocrx_word' id='word_1_129' title='bbox 545 2244 783 2328; x_wconf 87' lang='lat' dir='ltr'>Prolegomenis</span> <span class='ocrx_word' id='word_1_130' title='bbox 812 2264 894 2310; x_wconf 91' lang='lat' dir='ltr'>nunc</span> <span class='ocrx_word' id='word_1_131' title='bbox 922 2248 1075 2310; x_wconf 80' lang='lat' dir='ltr'>tractatae</span> <span class='ocrx_word' id='word_1_132' title='bbox 1104 2246 1142 2308; x_wconf 91' lang='lat' dir='ltr'>ab</span> <span class='ocrx_word' id='word_1_133' title='bbox 1172 2265 1232 2312; x_wconf 92' lang='lat' dir='ltr'>ouo</span> <span class='ocrx_word' id='word_1_134' title='bbox 1261 2247 1350 2310; x_wconf 86' lang='lat' dir='ltr'>insti-</span> 
     </span>
     <span class='ocr_line' id='line_1_19' title="bbox 199 2351 1351 2435; baseline -0.001 -20"><span class='ocrx_word' id='word_1_135' title='bbox 199 2351 343 2432; x_wconf 88' lang='lat' dir='ltr'>tuendae,</span> <span class='ocrx_word' id='word_1_136' title='bbox 357 2352 479 2435; x_wconf 87' lang='lat' dir='ltr'>aliquot</span> <span class='ocrx_word' id='word_1_137' title='bbox 493 2351 617 2416; x_wconf 88' lang='lat' dir='ltr'>codices</span> <span class='ocrx_word' id='word_1_138' title='bbox 636 2352 850 2434; x_wconf 87' lang='lat' dir='ltr'>praetermissi</span> <span class='ocrx_word' id='word_1_139' title='bbox 868 2352 899 2416; x_wconf 92' lang='lat' dir='ltr'>in</span> <span class='ocrx_word' id='word_1_140' title='bbox 918 2372 1013 2417; x_wconf 88' lang='lat' dir='ltr'>usum</span> <span class='ocrx_word' id='word_1_141' title='bbox 1032 2352 1176 2431; x_wconf 90' lang='lat' dir='ltr'>uocandi,</span> <span class='ocrx_word' id='word_1_142' title='bbox 1196 2352 1351 2417; x_wconf 89' lang='lat' dir='ltr'>Wrobelii</span> 
     </span>
     <span class='ocr_line' id='line_1_20' title="bbox 198 2458 1349 2540; baseline 0.002 -18"><span class='ocrx_word' id='word_1_143' title='bbox 198 2460 341 2523; x_wconf 88' lang='lat' dir='ltr'>recensio</span> <span class='ocrx_word' id='word_1_144' title='bbox 362 2459 463 2524; x_wconf 90' lang='lat' dir='ltr'>denuo</span> <span class='ocrx_word' id='word_1_145' title='bbox 484 2458 696 2536; x_wconf 82' lang='lat' dir='ltr'>examinanda,</span> <span class='ocrx_word' id='word_1_146' title='bbox 722 2459 805 2540; x_wconf 90' lang='lat' dir='ltr'>quod</span> <span class='ocrx_word' id='word_1_147' title='bbox 823 2463 891 2523; x_wconf 90' lang='lat' dir='ltr'>tum</span> <span class='ocrx_word' id='word_1_148' title='bbox 912 2459 1039 2524; x_wconf 90' lang='lat' dir='ltr'>demum</span> <span class='ocrx_word' id='word_1_149' title='bbox 1058 2459 1139 2524; x_wconf 90' lang='lat' dir='ltr'>meis</span> <span class='ocrx_word' id='word_1_150' title='bbox 1160 2473 1349 2524; x_wconf 82' lang='lat' dir='ltr'>ceterorum-</span> 
     </span>
     <span class='ocr_line' id='line_1_21' title="bbox 200 2549 1348 2647; baseline 0.001 -18"><span class='ocrx_word' id='word_1_151' title='bbox 200 2584 259 2645; x_wconf 90' lang='lat' dir='ltr'>que</span> <span class='ocrx_word' id='word_1_152' title='bbox 283 2565 368 2632; x_wconf 85' lang='lat' dir='ltr'>uotis</span> <span class='ocrx_word' id='word_1_153' title='bbox 392 2585 487 2647; x_wconf 89' lang='lat' dir='ltr'>posse</span> <span class='ocrx_word' id='word_1_154' title='bbox 511 2565 694 2630; x_wconf 82' lang='lat' dir='ltr'>satisfacere</span> <span class='ocrx_word' id='word_1_155' title='bbox 717 2565 797 2630; x_wconf 88' lang='lat' dir='ltr'>hanc</span> <span class='ocrx_word' id='word_1_156' title='bbox 821 2549 992 2631; x_wconf 85' lang='lat' dir='ltr'>editionem</span> <span class='ocrx_word' id='word_1_157' title='bbox 1011 2567 1043 2630; x_wconf 97' lang='lat' dir='ltr'>in</span> <span class='ocrx_word' id='word_1_158' title='bbox 1063 2567 1203 2631; x_wconf 86' lang='lat' dir='ltr'>animum</span> <span class='ocrx_word' id='word_1_159' title='bbox 1223 2566 1348 2630; x_wconf 82' lang='lat' dir='ltr'>induxe-</span> 
     </span>
     <span class='ocr_line' id='line_1_22' title="bbox 198 2665 1348 2754; baseline 0.002 -21"><span class='ocrx_word' id='word_1_160' title='bbox 198 2665 275 2734; x_wconf 91' lang='lat' dir='ltr'>ram.</span> <span class='ocrx_word' id='word_1_161' title='bbox 309 2671 341 2735; x_wconf 91' lang='lat' dir='ltr'>in</span> <span class='ocrx_word' id='word_1_162' title='bbox 375 2673 481 2736; x_wconf 84' lang='lat' dir='ltr'>textus</span> <span class='ocrx_word' id='word_1_163' title='bbox 513 2673 620 2734; x_wconf 87' lang='lat' dir='ltr'>autem</span> <span class='ocrx_word' id='word_1_164' title='bbox 652 2671 834 2736; x_wconf 87' lang='lat' dir='ltr'>recensione</span> <span class='ocrx_word' id='word_1_165' title='bbox 867 2671 1015 2753; x_wconf 88' lang='lat' dir='ltr'>quoniam</span> <span class='ocrx_word' id='word_1_166' title='bbox 1048 2672 1133 2736; x_wconf 88' lang='lat' dir='ltr'>haud</span> <span class='ocrx_word' id='word_1_167' title='bbox 1165 2672 1210 2737; x_wconf 87' lang='lat' dir='ltr'>ita</span> <span class='ocrx_word' id='word_1_168' title='bbox 1238 2673 1348 2754; x_wconf 88' lang='lat' dir='ltr'>paucis</span> 
     </span>
     <span class='ocr_line' id='line_1_23' title="bbox 197 2777 1348 2867; baseline 0.003 -27"><span class='ocrx_word' id='word_1_169' title='bbox 197 2777 278 2842; x_wconf 91' lang='lat' dir='ltr'>locis</span> <span class='ocrx_word' id='word_1_170' title='bbox 307 2797 325 2841; x_wconf 91' lang='lat' dir='ltr'>a</span> <span class='ocrx_word' id='word_1_171' title='bbox 354 2777 506 2844; x_wconf 91' lang='lat' dir='ltr'>Wrobelii</span> <span class='ocrx_word' id='word_1_172' title='bbox 537 2777 654 2842; x_wconf 90' lang='lat' dir='ltr'>iudicio</span> <span class='ocrx_word' id='word_1_173' title='bbox 689 2778 854 2855; x_wconf 90' lang='lat' dir='ltr'>dissentio,</span> <span class='ocrx_word' id='word_1_174' title='bbox 885 2779 980 2862; x_wconf 87' lang='lat' dir='ltr'>paulo</span> <span class='ocrx_word' id='word_1_175' title='bbox 1008 2779 1112 2844; x_wconf 83' lang='lat' dir='ltr'>fusius</span> <span class='ocrx_word' id='word_1_176' title='bbox 1140 2779 1172 2842; x_wconf 93' lang='lat' dir='ltr'>in</span> <span class='ocrx_word' id='word_1_177' title='bbox 1200 2779 1348 2867; x_wconf 78' lang='lat' dir='ltr'>Prolego</span> 
     </span>
     <span class='ocr_line' id='line_1_24' title="bbox 198 2883 1349 2968; baseline 0.001 -21"><span class='ocrx_word' id='word_1_178' title='bbox 198 2884 299 2948; x_wconf 90' lang='lat' dir='ltr'>menis</span> <span class='ocrx_word' id='word_1_179' title='bbox 328 2884 366 2948; x_wconf 91' lang='lat' dir='ltr'>de</span> <span class='ocrx_word' id='word_1_180' title='bbox 396 2884 542 2948; x_wconf 88' lang='lat' dir='ltr'>codicum</span> <span class='ocrx_word' id='word_1_181' title='bbox 571 2883 690 2948; x_wconf 86' lang='lat' dir='ltr'>uirtute</span> <span class='ocrx_word' id='word_1_182' title='bbox 720 2885 771 2968; x_wconf 88' lang='lat' dir='ltr'>agi</span> <span class='ocrx_word' id='word_1_183' title='bbox 798 2885 935 2965; x_wconf 90' lang='lat' dir='ltr'>illosque</span> <span class='ocrx_word' id='word_1_184' title='bbox 963 2887 1051 2950; x_wconf 86' lang='lat' dir='ltr'>locos</span> <span class='ocrx_word' id='word_1_185' title='bbox 1074 2884 1162 2967; x_wconf 88' lang='lat' dir='ltr'>ipsos</span> <span class='ocrx_word' id='word_1_186' title='bbox 1185 2887 1349 2950; x_wconf 85' lang='lat' dir='ltr'>retractari</span> 
     </span>
     <span class='ocr_line' id='line_1_25' title="bbox 198 2989 1348 3072; baseline 0.003 -20"><span class='ocrx_word' id='word_1_187' title='bbox 198 3008 255 3072; x_wconf 88' lang='lat' dir='ltr'>par</span> <span class='ocrx_word' id='word_1_188' title='bbox 274 2992 350 3054; x_wconf 89' lang='grc'>1111.</span> <span class='ocrx_word' id='word_1_189' title='bbox 374 2989 482 3072; x_wconf 88' lang='lat' dir='ltr'>itaque</span> <span class='ocrx_word' id='word_1_190' title='bbox 503 3008 566 3067; x_wconf 91' lang='lat' dir='ltr'>eos,</span> <span class='ocrx_word' id='word_1_191' title='bbox 588 2989 642 3072; x_wconf 93' lang='lat' dir='ltr'>qui</span> <span class='ocrx_word' id='word_1_192' title='bbox 662 2991 721 3055; x_wconf 92' lang='lat' dir='ltr'>hoc</span> <span class='ocrx_word' id='word_1_193' title='bbox 740 2991 904 3055; x_wconf 88' lang='lat' dir='ltr'>uolumine</span> <span class='ocrx_word' id='word_1_194' title='bbox 923 2995 1063 3072; x_wconf 84' lang='lat' dir='ltr'>utentur,</span> <span class='ocrx_word' id='word_1_195' title='bbox 1086 2991 1200 3056; x_wconf 89' lang='lat' dir='ltr'>iterum</span> <span class='ocrx_word' id='word_1_196' title='bbox 1220 2992 1348 3056; x_wconf 89' lang='lat' dir='ltr'>iterum·</span> 
     </span>
     <span class='ocr_line' id='line_1_26' title="bbox 199 3097 1348 3182; baseline 0.003 -23"><span class='ocrx_word' id='word_1_197' title='bbox 199 3115 259 3178; x_wconf 89' lang='lat' dir='ltr'>que</span> <span class='ocrx_word' id='word_1_198' title='bbox 278 3115 367 3180; x_wconf 90' lang='lat' dir='ltr'>rogo,</span> <span class='ocrx_word' id='word_1_199' title='bbox 382 3101 419 3161; x_wconf 93' lang='lat' dir='ltr'>ut</span> <span class='ocrx_word' id='word_1_200' title='bbox 439 3117 484 3172; x_wconf 88' lang='grc'>11,</span> <span class='ocrx_word' id='word_1_201' title='bbox 504 3117 584 3179; x_wconf 92' lang='lat' dir='ltr'>quae</span> <span class='ocrx_word' id='word_1_202' title='bbox 603 3098 636 3161; x_wconf 91' lang='lat' dir='ltr'>in</span> <span class='ocrx_word' id='word_1_203' title='bbox 655 3097 897 3181; x_wconf 90' lang='lat' dir='ltr'>Prolegomenis</span> <span class='ocrx_word' id='word_1_204' title='bbox 917 3098 1056 3180; x_wconf 83' lang='lat' dir='ltr'>exposui,</span> <span class='ocrx_word' id='word_1_205' title='bbox 1081 3099 1134 3162; x_wconf 88' lang='lat' dir='ltr'>uel</span> <span class='ocrx_word' id='word_1_206' title='bbox 1153 3103 1248 3177; x_wconf 87' lang='lat' dir='ltr'>certe,</span> <span class='ocrx_word' id='word_1_207' title='bbox 1269 3119 1348 3182; x_wconf 91' lang='lat' dir='ltr'>quae</span> 
     </span>
     <span class='ocr_line' id='line_1_27' title="bbox 198 3202 1348 3290; baseline 0.004 -26"><span class='ocrx_word' id='word_1_208' title='bbox 198 3203 229 3266; x_wconf 92' lang='lat' dir='ltr'>in</span> <span class='ocrx_word' id='word_1_209' title='bbox 268 3202 532 3286; x_wconf 68' lang='lat' dir='ltr'>corrigendorum</span> <span class='ocrx_word' id='word_1_210' title='bbox 566 3208 597 3268; x_wconf 87' lang='lat' dir='ltr'>et</span> <span class='ocrx_word' id='word_1_211' title='bbox 625 3203 850 3268; x_wconf 90' lang='lat' dir='ltr'>Addendorum</span> <span class='ocrx_word' id='word_1_212' title='bbox 884 3209 1056 3287; x_wconf 86' lang='lat' dir='ltr'>conspectu</span> <span class='ocrx_word' id='word_1_213' title='bbox 1090 3208 1245 3290; x_wconf 85' lang='lat' dir='ltr'>congessi,</span> <span class='ocrx_word' id='word_1_214' title='bbox 1278 3206 1348 3269; x_wconf 90' lang='lat' dir='ltr'>dili-</span> 
     </span>
     <span class='ocr_line' id='line_1_28' title="bbox 198 3309 619 3392; baseline 0.005 -20"><span class='ocrx_word' id='word_1_215' title='bbox 198 3311 309 3392; x_wconf 85' lang='lat' dir='ltr'>genter</span> <span class='ocrx_word' id='word_1_216' title='bbox 332 3310 419 3392; x_wconf 89' lang='lat' dir='ltr'>prius</span> <span class='ocrx_word' id='word_1_217' title='bbox 445 3309 619 3374; x_wconf 85' lang='lat' dir='ltr'>attendant.</span> 
     </span>
    </p>
   </div>
   <div class='ocr_carea' id='block_1_3' title="bbox 847 3522 1301 3606">
    <p class='ocr_par' dir='ltr' id='par_1_4' title="bbox 847 3522 1301 3606">
     <span class='ocr_line' id='line_1_29' title="bbox 847 3522 1301 3606; baseline 0.007 -18"><span class='ocrx_word' id='word_1_218' title='bbox 847 3522 1028 3606; x_wconf 79' lang='lat' dir='ltr'>Augustus</span> <span class='ocrx_word' id='word_1_219' title='bbox 1047 3524 1301 3606; x_wconf 82' lang='lat' dir='ltr'>Engelbrecht.</span> 
     </span>
    </p>
   </div>
   <div class='ocr_carea' id='block_1_4' title="bbox 0 0 1606 4996">
    <p class='ocr_par' dir='ltr' id='par_1_5' title="bbox 0 0 1606 4996">
     <span class='ocr_line' id='line_1_30' title="bbox 0 0 1606 4996; baseline 0 0"><span class='ocrx_word' id='word_1_220' title='bbox 0 0 1606 4996; x_wconf 95' lang='lat' dir='ltr'> </span> 
     </span>
    </p>
   </div>
  </div>
 </body>
</html>
