3228 4978
478 483 523 537 Vi.
544 482 591 536 ild
610 483 699 537 ciues
717 481 946 537 Nazianzenos
963 484 1042 537 4-6.
1272 488 1335 552 199

186 678 280 742 deum
304 679 336 743 in
360 676 754 760 humilitateconluginnt
778 680 809 742 et
831 695 887 759 per
910 676 1035 743 dolores
1059 679 1336 745 ac'tribulationes

185 785 294 849 diuina
317 783 469 850 beneficia
491 786 718 867 promerentur.
743 783 847 849 anima
865 803 1009 867 namque,
1033 803 1105 849 curn
1123 785 1154 849 in
1172 786 1335 852 laboribus

184 893 282 956 fuerit
309 877 341 956 et
367 891 398 955 in
428 890 595 976 angustiis,
629 910 701 956 curn
730 891 891 956 hostiliter
918 894 1050 976 urgetur
1078 911 1095 956 a
1123 879 1225 972 carne,
1257 895 1335 958 tunc

185 999 225 1063 ad
257 998 351 1062 deum
382 997 504 1080 refugit
531 999 563 1063 et
590 995 735 1082 agnoscit
762 997 845 1062 unde
873 997 987 1063 debeat
1013 997 1166 1063 auxilium
1195 1017 1334 1081 poscere.

153 1125 259 1170 scunt
287 1105 348 1170 sibi
372 1105 511 1169 alienum
536 1107 568 1170 et
589 1105 754 1169 inimicum
778 1105 913 1170 senserit
935 1105 1100 1183 mundum,
1129 1107 1204 1171 tunc
1227 1125 1335 1190 paren-

184 1214 311 1276 temet
337 1212 515 1294 proximum
544 1211 686 1276 inueniet
713 1211 819 1276 deum.
848 1217 1013 1295 propterea
1040 1219 1112 1298 ergo
1138 1232 1264 1278 sursum
1288 1232 1334 1278 re·
1362 1218 1381 1268 2

185 1319 367 1401 spiciamus,
386 1318 556 1398 frenesin
578 1320 662 1384 omni
681 1321 823 1403 tempore
843 1321 875 1384 et
892 1319 923 1382 in
940 1320 1085 1384 omnibus
1101 1320 1334 1386 adflictionibus

185 1426 300 1491 nostris
325 1444 413 1509 spem
438 1427 635 1507 requiramus
660 1446 677 1490 a
700 1426 758 1490 deo
782 1445 883 1508 neque
902 1425 934 1490 in
950 1426 1112 1510 prosperis
1131 1427 1334 1510 neglegentes

184 1533 329 1599 timorem
357 1533 427 1598 eius
454 1552 557 1615 neque
583 1533 615 1597 in
645 1533 788 1598 aduersis
817 1534 1018 1616 desperantes
1046 1553 1145 1617 spem.
1177 1553 1336 1598 memores

138 1663 167 1706 ro
186 1639 287 1704 simus
312 1641 343 1702 et
366 1639 398 1702 in
423 1638 655 1721 tranquillitate
678 1639 880 1722 tempestatis
905 1643 937 1703 et
960 1639 1201 1722 intempestate
1221 1637 1336 1723 guber-

185 1745 316 1825 natoris,
335 1763 391 1809 nee
412 1745 594 1810 deficiamus
614 1746 646 1809 in
665 1744 924 1810 tribulationibus
944 1765 1046 1829 neque
1062 1745 1235 1811 efficiamur
1249 1747 1334 1810 serui

185 1871 320 1934 nequam
353 1851 518 1916 adulantes
553 1851 678 1917 domino
712 1871 771 1917 suo
804 1872 877 1916 cum
910 1852 998 1916 mitis
1031 1856 1063 1917 et
1094 1852 1239 1935 placidus
1273 1855 1334 1928 est,

185 1958 378 2024 declinantes
403 1961 435 2023 et
457 1959 652 2044 refugientes
676 1977 749 2022 cum
773 1958 911 2043 castigat
934 1963 966 2024 et
990 1958 1129 2042 corripit,
1155 1978 1226 2023 eum
1245 1978 1332 2041 prae-

185 2064 277 2148 cipue
314 2065 426 2130 melior
463 2065 506 2129 sit
538 2084 633 2149 saepe
665 2065 754 2130 labor
787 2065 850 2130 otio
885 2068 917 2130 et
947 2065 1333 2149 remissione'eorreptio,

137 2171 326 2241 1suiaitatio
346 2171 548 2256 neglegentia
567 2175 599 2236 et
618 2171 795 2237 emendatio
815 2172 916 2236 uenia.
936 2171 1038 2237 dicem
1059 2172 1212 2237 breuiter:
1232 2191 1334 2254 neque

183 2282 311 2361 propter
337 2278 481 2342 miserias
510 2278 718 2343 corruendum
743 2283 793 2344 est
816 2298 916 2360 neque
940 2282 1067 2360 propter
1090 2279 1331 2362 prosperitatem

183 2384 438 2468 superbiendum.

229 2493 257 2556 6.
280 2493 323 2556 Et
343 2492 415 2558 ideo
440 2493 575 2558 subiecti
600 2492 701 2558 simus
726 2493 783 2557 deo
808 2496 840 2557 et
862 2493 999 2557 inuicem
1024 2492 1115 2556 nobis
1140 2511 1175 2556 ao
1199 2493 1330 2557 terrenis

182 2599 410 2683 potestatibus:
434 2599 492 2664 deo
517 2599 644 2682 quidem
667 2604 796 2683 propter
814 2599 930 2675 omnia,
955 2599 1045 2664 nobis
1066 2603 1171 2663 autern
1190 2600 1329 2664 inuicem

137 2733 164 2775 ao
182 2724 237 2788 pro
257 2706 398 2784 caritate,
422 2709 550 2788 propter
568 2705 707 2789 quietem
727 2709 834 2771 eutem
854 2710 886 2772 et
904 2706 1103 2790 disciplinam
1122 2705 1329 2789 principibus,

183 2814 215 2875 et
239 2811 288 2876 iris
312 2813 482 2895 praecipue
505 2812 559 2895 qui
582 2813 676 2877 mites
701 2816 777 2876 sunt
799 2813 852 2877 uel
875 2813 1013 2896 benigni,
1037 2811 1174 2877 neforto
1195 2812 1329 2875 multam

182 2938 290 2982 eornm
328 2919 529 2984 clementiam
568 2919 761 2984 adsiduitate
798 2920 909 2984 ueniae
947 2937 1172 2985 consumamus
1205 2920 1237 2982 et
1272 2937 1327 3000 pro

182 3026 353 3107 asperitate
382 3045 489 3090 eorum
520 3027 551 3090 et
578 3026 789 3092 inmutatione
816 3026 970 3110 propositi
998 3027 1127 3099 nosrei
1156 3025 1330 3090 efficiamur

182 3131 266 3214 apud
295 3131 398 3210 deum,
426 3132 518 3197 uelut
546 3133 600 3214 qui
627 3133 891 3219 tranquillitatem
914 3133 1150 3196 turbauerimus
1174 3131 1328 3196 seditione

136 3267 162 3309 25
180 3241 348 3302 uentorum
372 3239 404 3303 et
425 3239 539 3302 lumini
561 3240 707 3304 tenebras
731 3259 768 3305 ac
791 3239 878 3304 melli
901 3238 1103 3303 iniecerimns
1122 3238 1326 3304 absinthium.

181 3347 230 3408 est
259 3363 394 3427 namque
423 3346 518 3409 etiam
546 3345 606 3411 hoc
633 3345 665 3410 in
693 3347 820 3430 legibus
850 3345 951 3410 sancti
979 3345 1110 3427 spiritns
1140 3348 1269 3409 cautum
1297 3349 1328 3410 et
1356 3359 1372 3410 2

181 3449 254 3513 utili
285 3451 466 3532 pronisione
500 3451 672 3535 signatum,
707 3458 752 3531 ut,
786 3454 870 3518 sicut
903 3450 987 3515 serui
1013 3451 1164 3516 iubentur
1191 3450 1326 3516 dominis

270 3639 303 3692 27
323 3638 357 3692 cf.
376 3638 447 3708 Eph.
466 3639 492 3707 6,
512 3639 536 3692 5.
556 3637 614 3693 Col.
634 3639 659 3701 3,
679 3639 713 3692 22

217 3762 282 3827 lac
300 3761 492 3817 tribulationes
511 3778 562 3818 om.
585 3761 609 3816 0
676 3761 692 3814 2
712 3779 771 3816 cum
792 3763 819 3815 in
838 3761 1039 3832 laboribus-p.
1060 3768 1124 3832 201,
1147 3768 1164 3818 9
1182 3767 1326 3834 pastoralis

179 3868 230 3905 om.
251 3851 278 3904 A
331 3853 501 3922 3engnstiis
521 3854 631 3922 (gnstiie
649 3869 670 3908 s.
691 3854 721 3920 l.)
742 3852 769 3908 R
843 3856 972 3922 urguetur
990 3853 1040 3908 00
1092 3855 1231 3908 trunsum
1253 3853 1325 3908 Ome.

178 3943 195 3994 9
215 3939 336 3995 aduersis
355 3942 403 4009 (sis
421 3945 469 3995 m2
486 3959 507 3996 a.
527 3941 557 4010 l.)
580 3942 604 3997 O
683 3942 853 4013 disperantes
876 3941 899 3995 0
971 3944 1005 3998 12
1024 3942 1165 3998 adolentes
1188 3943 1325 4006 occas.

179 4031 213 4085 16
233 4031 397 4100 prosperitas
420 4030 703 4102 Oprosperitetesl'
744 4032 776 4087 18
796 4049 826 4086 ac
849 4031 920 4102 Ope.
957 4034 992 4088 20
1012 4037 1122 4103 propter
1140 4034 1326 4088 ceritatemO

179 4119 210 4172 21
226 4118 347 4189 benigni,
362 4119 536 4189 precidentes
551 4137 585 4174 ne
600 4121 699 4174 fortec
754 4137 803 4190 per
817 4123 874 4189 (m2
887 4137 908 4174 a.
925 4122 943 4176 t.
961 4121 994 4189 C)
1009 4121 1122 4176 multam
1137 4121 1175 4176 Co
1211 4122 1246 4175 22
1261 4138 1323 4175 con-

179 4224 317 4262 sumamur
337 4207 374 4263 Oc
428 4226 475 4278 pro
496 4207 809 4280 asp.]prosperitate0
863 4210 898 4264 25
915 4207 1158 4280 ingesserimusV
1228 4209 1324 4266 absen-

177 4297 266 4351 thinm
284 4297 339 4352 Rc
358 4297 505 4352 absintinm
529 4297 553 4352 V
615 4299 649 4352 26
669 4299 801 4353 estenim
822 4300 942 4368 (enims.
964 4300 1127 4371 Liremque
1150 4298 1234 4354 Oest
1252 4302 1324 4354 enim

178 4403 294 4455 narrrqpe
311 4387 391 4441 Uest
406 4387 475 4441 enim
492 4405 507 4442 c
561 4389 589 4441 in
604 4388 655 4454 hoc
670 4387 706 4458 (ie
720 4405 741 4443 s.
758 4391 798 4456 or)
812 4388 920 4457 legibue
930 4387 959 4442 R
1014 4393 1095 4443 canta
1108 4393 1135 4457 (a
1143 4389 1197 4456 fin.
1212 4405 1246 4444 cx
1258 4391 1287 4460 u)
1297 4390 1324 4444 R
