3214 4988
1566 127 1569 242 ι

279 407 323 470 32
796 401 914 454 Rufini
1567 322 1569 424 i

279 597 363 663 enirn
386 615 446 661 non
470 597 515 660 ita
538 602 647 678 putare
672 615 705 660 se
729 615 988 678 unumquemque
1007 598 1129 664 deferre
1149 599 1209 664 deo
1229 603 1326 683 putri,
1351 608 1391 667 ut
1408 624 1435 667 er
1568 563 1569 610 ¹

279 703 402 768 unierat
424 703 483 768 hoc
506 704 612 786 ipsum
638 702 721 785 quod
743 709 834 786 puter
852 707 902 768 est
919 739 963 750 -
983 705 1075 770 cuius
1095 707 1179 770 eniru
1200 709 1264 772 erit
1285 714 1390 792 putor,
1409 713 1435 775 si

279 811 318 876 ab
350 830 387 874 eo
418 815 529 874 natura
560 809 617 873 filii
650 815 813 892 separatur
843 815 875 874 et
907 811 1060 874 creaturis
1097 811 1231 894 reliquis
1268 816 1433 880 societur?

279 937 340 982 non
364 915 446 982 enirn
469 915 529 980 hoc
551 921 601 980 est
623 915 725 978 filium
749 935 819 980 esse
842 916 894 980 uel
918 918 1047 980 alienari
1070 936 1088 980 a
1111 923 1201 1001 putre
1225 922 1280 984 uel
1304 925 1435 986 commi·
1568 980 1569 985 ,

279 1024 359 1090 sceri
374 1042 409 1088 ac
423 1021 547 1088 refundi
563 1023 729 1104 inpetrem
746 1059 798 1098 -,
813 1039 915 1104 neque
929 1043 1056 1088 rursum
1070 1029 1196 1090 tanturn
1211 1033 1327 1110 putere
1342 1049 1434 1114 agere
1461 1052 1471 1092 ι
1567 1056 1569 1109 1

278 1151 335 1214 pro
368 1131 503 1208 Christo,
540 1134 576 1193 ut
608 1147 708 1210 neque
741 1129 803 1211 ipsi
836 1133 981 1193 seruetur
1012 1150 1083 1195 esse
1120 1133 1207 1213 quod
1243 1133 1334 1198 iilius
1372 1141 1433 1210 est;

280 1239 371 1302 cuius
395 1237 477 1301 enim
503 1236 563 1300 erit
584 1235 680 1311 filius,
709 1237 736 1299 si
761 1255 822 1300 non
846 1237 933 1320 origo
963 1256 1021 1300 suu
1048 1237 1202 1303 referatur
1230 1241 1271 1304 ud
1298 1247 1433 1324 patrem.

279 1349 317 1409 ‘ot
340 1344 383 1410 sit
404 1343 459 1408 ille
483 1343 537 1424 qui
561 1342 672 1426 genuit
695 1347 727 1406 et
749 1343 810 1406 iste
839 1343 882 1406 sit
910 1343 965 1424 qui
993 1349 1043 1408 est
1070 1364 1107 1408 er
1133 1345 1191 1410 illo
1219 1350 1433 1430 progenitus?

234 1456 251 1509 u
279 1451 367 1534 origo
399 1450 482 1514 enirn
514 1453 604 1529 pater
635 1451 686 1511 est
717 1466 778 1511 non
817 1447 922 1530 exigui
960 1449 1097 1512 alicuius
1135 1454 1167 1514 st
1203 1451 1340 1536 indigni,
1380 1456 1434 1518 sed

279 1556 407 1622 deitatis
444 1561 475 1620 et
513 1555 663 1620 bonitatis
704 1555 793 1637 origo
835 1559 894 1629 est,
936 1575 1016 1635 qnae
1057 1556 1088 1620 in
1130 1556 1197 1620 filio
1241 1563 1274 1622 et
1316 1561 1431 1644 spiritu
1448 1583 1470 1625 ιι

279 1669 388 1730 sancto
415 1662 612 1747 intellegitur
639 1665 671 1726 et
703 1662 849 1738 sentitur,
881 1662 913 1724 in
945 1663 1000 1726 illo
1033 1663 1125 1728 uelut
1156 1664 1223 1730 filio
1257 1670 1290 1730 et
1323 1670 1432 1739 uerbo,

278 1771 309 1836 in
337 1771 397 1836 hoc
426 1771 515 1834 uelut
544 1767 658 1851 spiritu
686 1769 724 1832 ab
752 1769 822 1850 ipso
851 1768 1049 1851 procedente.
1079 1775 1112 1832 et
1139 1770 1186 1834 ita
1213 1775 1432 1838 necessarium

279 1883 338 1954 est,
362 1881 399 1942 ut
422 1881 454 1940 et
477 1895 575 1940 unum
600 1875 694 1940 deum
718 1875 893 1940 secundum
917 1876 1086 1940 ueritatem
1110 1877 1312 1943 substantiae
1336 1880 1432 1944 fatea-

278 2005 349 2050 mur
372 1987 405 2048 et
427 1987 547 2067 patrem
571 1999 608 2045 ac
630 1979 732 2045 filium
756 1986 788 2046 et
811 1981 958 2063 spiritum
978 1987 1123 2047 sanctum
1142 1984 1174 2046 in
1195 2004 1254 2048 sue
1273 2005 1432 2069 quemque
1567 2065 1568 2070 ἵ

279 2091 454 2156 subsistere
478 2088 656 2153 substantia
679 2089 865 2152 sentiamus.
1448 2109 1471 2151 ιι
1567 2071 1568 2084 ’

324 2197 375 2261 39.
404 2195 491 2260 Haec
518 2195 590 2278 plus
617 2195 753 2260 fortasse
782 2213 874 2277 quam
906 2198 1035 2278 tempus
1068 2197 1193 2260 sinebat
1224 2200 1452 2280 protraxerim-

279 2305 390 2368 uolens
414 2302 467 2366 uel
490 2302 590 2366 uitam
620 2301 670 2365 uel
700 2320 875 2365 sermonem
904 2302 956 2366 uel
984 2302 1184 2366 intellectum
1213 2303 1431 2370 demonstrare

280 2411 349 2476 eins
382 2409 435 2492 qui
467 2410 593 2492 populis
626 2412 761 2491 praeest,
798 2427 860 2489 quo
893 2408 997 2490 possit
1027 2409 1060 2472 in
1096 2412 1232 2491 utroque
1269 2412 1429 2493 perfectus

279 2517 346 2583 fieri
374 2515 591 2581 habitaculum
623 2515 754 2597 spiritus
787 2515 898 2593 saneti,
932 2534 987 2598 per
1019 2534 1115 2596 quem
1148 2517 1254 2581 solnm
1287 2518 1366 2584 deus
1400 2526 1431 2584 et

278 2624 477 2709 intellegitur
508 2628 539 2688 et
570 2623 795 2706 interpretatur
827 2627 858 2686 et
895 2622 1031 2686 auditur.
1068 2623 1256 2688 mundorum
1295 2646 1429 2708 nemque
1446 2643 1472 2684 eo

280 2737 330 2798 est
357 2731 509 2796 mundum
539 2731 720 2813 contingere
748 2733 781 2793 et
809 2733 988 2793 sanctorum
1017 2735 1067 2794 est
1094 2733 1205 2794 sancta
1231 2750 1430 2818 cognoscere.

235 2845 252 2898 2
280 2839 504 2922 sciendumque
532 2837 613 2902 illud
641 2837 672 2901 in
706 2837 815 2919 primis
848 2841 897 2900 cst
930 2837 1015 2918 quod
1046 2836 1232 2919 perdifficile
1265 2829 1430 2922 negotium

280 2952 329 3012 est
356 2948 387 3012 in
417 2944 621 3011 multitudiue
648 2945 800 3027 permixta
829 2947 924 3024 utque
953 2943 1088 3019 diuersa,
1122 2944 1179 3007 ubi
1213 2947 1246 3008 et
1279 2951 1366 3010 aetus
1399 2951 1430 3010 et

278 3052 438 3118 institutio
467 3051 564 3126 uaria,
598 3051 636 3115 de
668 3049 785 3114 talibus
820 3049 1034 3132 disputantem
1068 3052 1100 3112 et
1132 3049 1223 3114 uelut
1256 3052 1427 3116 multarum
1535 3105 1538 3110 .
1566 3073 1567 3076 ¹

280 3159 465 3224 chordorum
494 3157 650 3239 quandam
678 3157 828 3221 citharam
858 3155 1022 3218 ferientem
1053 3155 1194 3219 inuenire
1227 3160 1259 3219 et
1291 3157 1471 3238 proferreus

371 3417 953 3488 nmmrrmmmmm

318 3597 459 3654 ldifferre
482 3595 553 3651 Coc.
617 3592 796 3649 defferetO
869 3593 968 3646 etenim
993 3591 1019 3643 V
1081 3592 1247 3645 3croetoris
1267 3595 1296 3661 (ιι
1316 3612 1336 3647 s.
1358 3594 1428 3661 οιθ

280 3687 297 3741 4
320 3687 406 3740 filium
430 3701 487 3738 esse
511 3684 538 3737 Ιι
557 3699 614 3736 esse
633 3683 718 3736 filium
739 3689 821 3737 octo
911 3697 956 3749 pr.
978 3680 1021 3734 uel
1046 3696 1097 3734 om.
1122 3679 1147 3730 V
1236 3681 1332 3735 atinati
1354 3682 1426 3736 Ome.

281 3773 523 3846 uipsisltiuio
613 3773 818 3840 dnon]neco
920 3771 952 3824 14
972 3771 1012 3838 ac]
1035 3773 1062 3822 et
1083 3768 1120 3822 Uo
1207 3771 1241 3823 15
1261 3771 1426 3839 substantia]

281 3864 460 3920 subsistantia
479 3862 506 3916 R
524 3861 700 3916 subsistentia
723 3862 756 3924 V,
776 3877 826 3914 om.
846 3861 872 3912 A
965 3859 997 3912 18
1017 3859 1082 3928 quo]
1104 3858 1149 3927 qui
1173 3857 1223 3910 ΘΑ
1309 3861 1341 3912 19
1360 3859 1427 3912 feeri

281 3955 359 4010 Rue.
432 3968 481 4022 per
500 3968 579 4020 quern
598 3950 684 4003 solum
703 3941 737 4023 (ᾧ
758 3950 841 4022 μόνῳ)
857 3949 940 4003 RAV
959 3965 1007 4018 per
1027 3964 1107 4017 quem
1126 3947 1200 4000 solus
1218 3946 1283 4001 ouo
1346 3949 1381 4002 20
1400 3952 1427 4001 et

276 4061 321 4114 pr.
345 4057 435 4098 omo
543 4040 702 4094 mundorum
728 4039 837 4108 cept}
935 4039 968 4091 22
993 4037 1105 4090 difficile
1125 4037 1152 4090 R
1176 4037 1331 4105 perdeficile
1353 4037 1426 4090 Coc.

281 4135 315 4186 ‘23
336 4137 363 4186 et
382 4136 447 4184 aute
466 4133 541 4183 aetas
561 4145 611 4182 om.
631 4130 657 4181 A
721 4130 756 4182 24
776 4129 861 4196 uaria]
884 4127 948 4180 odd.
969 4131 1010 4179 est
1032 4126 1081 4179 OA
1146 4125 1180 4180 25
1200 4125 1338 4180 cordarum
1359 4126 1385 4195 (h
1405 4143 1425 4180 s.

282 4221 402 4286 add.)R
423 4218 603 4272 cordarumV
693 4217 807 4286 quamde
827 4221 862 4282 (m
881 4218 912 4269 in
930 4232 995 4280 ras„
1016 4215 1050 4268 du
1068 4217 1099 4268 in
1118 4214 1220 4284 open
1288 4215 1424 4284 cytheram

282 4311 352 4365 RAo
372 4307 522 4362 chithcrem
541 4308 569 4376 (ιι
585 4311 730 4376 postte.)
754 4307 777 4359 U
