3194 4982
526 473 562 529 ΙΙ.
583 473 628 530 De
648 473 840 546 epiphaniis
860 475 957 531 9-11.
1276 479 1321 546 97

167 689 186 734 a
201 688 236 736 se
250 669 386 736 inuicem
402 668 548 746 discreta,
564 669 813 752 unumquodque
829 669 909 736 intra
924 674 1052 736 naturae
1068 689 1145 738 snae
1160 671 1322 751 terminos,

168 775 347 842 existebant
374 779 407 842 et
434 775 704 860 magnificentiam
732 777 881 842 creatoris
915 777 1003 844 uerbi
1035 776 1106 860 ipsa
1138 777 1190 842 'sui
1221 778 1324 860 prola·

166 883 254 947 tione
282 881 502 948 monstrabant
529 881 620 950 uelut
648 881 776 965 quidam
809 882 990 950 laudatores
1023 901 1059 948 ac
1090 883 1322 965 praedicatores

167 988 260 1055 taciti
274 988 477 1054 excellentiae
493 988 675 1055 conditoris.
690 988 830 1054 nondum
844 992 950 1055 tamen
960 989 1043 1054 iacta
1053 990 1323 1056 fueratutrorum·

130 1114 231 1176 sque
256 1093 437 1160 commixtio
461 1113 520 1160 nec
544 1094 606 1160 sibi
628 1096 766 1164 inuicem
789 1099 902 1161 natura
926 1096 1109 1162 discordans
1137 1097 1168 1162 in
1197 1115 1322 1164 concor·

168 1202 255 1268 diam
274 1205 414 1267 uenerat.
439 1221 552 1266 uerum
571 1207 677 1268 utare
697 1202 858 1268 inmensae
878 1201 928 1270 dei
948 1201 1121 1284 sapientiae
1140 1206 1323 1270 nosceretur

167 1313 202 1376 et
224 1309 377 1373 bonitatis
401 1307 469 1373 eius
493 1309 613 1374 maiora
636 1327 766 1374 munera
790 1309 991 1388 sentiremus,
1019 1321 1118 1377 unum
1142 1309 1258 1376 animal
1287 1328 1323 1376 ex

166 1415 306 1480 diuersis
326 1419 421 1498 atque
440 1416 618 1494 contrariis,
637 1415 669 1481 id
689 1419 739 1481 est
757 1435 793 1480 ex
811 1415 968 1482 inuisibili
987 1419 1020 1480 et
1038 1415 1161 1482 risibili
1177 1416 1322 1481 substan·

167 1523 223 1600 tia,
257 1521 380 1604 opificis
414 1523 505 1588 uerbi
538 1522 589 1588 dei
620 1523 784 1588 molitione
818 1523 1023 1590 construitur.
1059 1526 1092 1588 et
1114 1543 1160 1588 ex
1191 1523 1366 1590 metonae

114 1653 148 1698 no
168 1629 308 1712 quidem,
342 1648 437 1711 quam
467 1632 500 1694 et
525 1630 629 1712 ipsam
657 1649 757 1712 nuper
785 1633 956 1709 creauerat,
990 1648 1104 1713 eorpus
1133 1629 1321 1708 adsumitur,

167 1736 237 1804 uita
264 1755 338 1801 uero
373 1735 410 1800 ab
443 1736 514 1818 ipso
546 1737 706 1816 inseritur,
740 1756 834 1819 quam
866 1737 1087 1802 rationabilem
1120 1735 1257 1818 animam
1290 1738 1322 1802 et

166 1841 340 1926 imaginem
365 1843 416 1908 dei
439 1843 602 1926 praedicat
630 1863 731 1910 sermo
763 1844 901 1912 diuinus.
931 1847 962 1909 et
989 1844 1049 1909 hoc
1080 1843 1172 1908 modo
1200 1843 1320 1908 factum

166 1947 330 2013 hominem
354 1950 446 2014 uelut
469 1949 604 2014 alterum
628 1950 784 2033 quendam
809 1950 964 2016 mundum
992 1950 1024 2015 in
1052 1949 1142 2015 breui
1170 1967 1320 2032 magnum

168 2056 263 2136 atque
300 2054 329 2118 in
370 2053 483 2138 exiguo
521 2058 626 2120 totum
663 2056 778 2120 statuit
814 2055 847 2121 in
883 2055 986 2133 terris,
1025 2055 1123 2123 alium
1160 2053 1319 2138 angelum,

114 2185 149 2230 rs
168 2161 324 2227 cultorem
348 2161 409 2240 sui,
435 2181 451 2226 e
472 2162 559 2228 caelo
579 2165 723 2244 terraque
742 2163 960 2242 commixtum,
984 2162 1039 2245 qui
1056 2161 1173 2228 intueri
1191 2160 1319 2244 quidem

166 2271 278 2350 posset
303 2268 463 2334 nisibilem
489 2271 675 2345 creaturam,
702 2268 875 2335 inuisibilis
899 2274 1005 2337 autem
1029 2268 1171 2334 facturae
1198 2267 1320 2334 intelle-

166 2393 241 2458 gere
274 2393 310 2441 ao
343 2376 459 2440 sentiro
496 2376 695 2460 mysterium,
734 2380 766 2441 et
801 2382 947 2460 regnaret
984 2374 1112 2458 quidem
1148 2375 1180 2440 iu
1217 2373 1319 2452 terris,

165 2482 237 2565 ipse
260 2501 336 2547 uero
360 2502 379 2546 a
401 2482 617 2566 superioribus
641 2485 813 2567 regeretur.
836 2482 953 2550 idcirco
975 2482 1091 2550 etenim
1110 2484 1143 2548 et
1160 2481 1319 2550 terrestris
1347 2491 1364 2548 3

166 2591 218 2652 est
236 2590 268 2653 et
285 2588 445 2666 caelestis,
463 2589 648 2672 temporalis
667 2591 700 2656 et
718 2589 906 2668 inmortalis,
926 2589 1064 2656 uisibilis
1086 2592 1118 2654 et
1135 2587 1319 2663 inuisibilis,

115 2717 149 2764 ao
167 2695 298 2762 humilis
327 2699 362 2761 ‘et
393 2697 549 2776 excelsus,
582 2697 714 2779 spiritus
747 2700 876 2780 propter
909 2698 1054 2782 gratiam,
1089 2714 1159 2762 caro
1192 2699 1320 2778 propter

168 2800 351 2870 elationem:
381 2801 463 2868 illud
491 2805 528 2866 ut
554 2802 755 2868 intellectum
783 2803 901 2868 habens
930 2801 1049 2887 gratiae
1078 2799 1261 2884 magnificet
1287 2802 1320 2866 et

168 2907 338 2973 conlaudet
356 2911 528 2987 auctorem,
548 2908 609 2975 hoc
628 2928 666 2974 ue
685 2909 904 2993 magnitudine
923 2907 1061 2973 muneris
1078 2908 1179 2974 elatus
1193 2907 1318 2988 lapsum

167 3013 276 3078 ruinae
300 3014 481 3079 excelsioris
505 3014 653 3082 incurrat.
682 3019 731 3081 est
755 3033 828 3098 ergo
854 3014 970 3080 animal
998 3013 1084 3096 quod
1111 3013 1163 3077 hic
1191 3011 1320 3095 quidem

166 3120 365 3198 instituatur,
403 3121 464 3186 alio
498 3139 573 3186 uero
606 3121 813 3188 transferatur
850 3124 892 3198 et,
930 3123 966 3186 ut
1001 3119 1158 3203 pandatur
1195 3137 1319 3184 summa

114 3252 146 3300 aa
165 3226 321 3309 mysterii,
350 3228 467 3293 animal
494 3228 579 3312 quod
606 3228 784 3295 imitatione
812 3229 864 3293 dei
892 3227 1047 3293 eliciatur
1075 3226 1161 3292 deus.
1190 3225 1230 3290 ad
1257 3225 1318 3289 hoc
1345 3233 1363 3287 4

168 3333 259 3398 nobis
286 3353 423 3417 namque
450 3335 536 3400 uitae
564 3335 659 3400 huius
687 3336 874 3419 proponitur
906 3351 1030 3411 cursus,
1064 3332 1104 3396 ad
1135 3332 1195 3398 hoc
1228 3331 1318 3397 nobis

168 3440 317 3524 exiguum
344 3440 421 3508 licet
448 3440 479 3509 in
508 3442 567 3507 hoc
595 3442 714 3507 mundo
742 3441 888 3508 ueritatis
915 3441 1023 3506 lumen
1053 3439 1245 3517 accenditur,
1279 3439 1318 3504 ad

202 3749 387 3808 2exsirtebat
405 3751 545 3820 occec.
636 3756 771 3808 creatores
794 3752 869 3810 Ome.
947 3753 1006 3823 ipsa
1026 3769 1079 3810 om.
1098 3751 1152 3808 ΒΟ
1237 3768 1318 3808 suae

166 3839 328 3909 probatione
345 3840 373 3897 R
428 3842 493 3896 aet
512 3840 730 3896 excellentian
784 3843 847 3895 5in
867 3841 1052 3898 concordini)
1104 3842 1169 3896 ees
1186 3838 1320 3896 nemrot*

166 3928 369 3986 nasceretnrO
467 3929 615 4000 aopifieee
633 3933 659 3997 (s
678 3929 730 3984 del.
751 3929 866 3996 reid.)0
961 3929 993 3986 13
1013 3931 1090 3986 uelut
1109 3930 1138 3986 iu
1157 3915 1272 4002 alterum
1292 3929 1318 3982 A

168 4016 202 4072 lo
220 4016 372 4072 intueretur
388 4020 415 4087 (e
429 4035 476 4088 pr.
494 4021 542 4072 m2
560 4018 621 4074 exi
643 4017 675 4084 0)
696 4018 805 4088 quidem
824 4023 888 4086 (om.
907 4023 1011 4090 posset)
1034 4018 1072 4076 Co
1159 4017 1246 4088 possit
1268 4015 1318 4072 ΟΔ

168 4104 202 4160 16
214 4104 367 4162 irrisibiles
380 4107 453 4162 Oce.
507 4107 683 4177 intellegeret
695 4106 795 4178 Op.c.,o
833 4107 865 4164 17
881 4109 995 4166 sentiret
1012 4108 1110 4180 Opem
1163 4122 1277 4178 regnare
1290 4108 1318 4158 A

166 4194 202 4250 18
221 4198 250 4248 et
267 4209 319 4250 om.
334 4193 389 4250 ΒΑ
461 4197 489 4248 et
508 4195 633 4250 caelestis
654 4198 681 4250 et
699 4196 837 4249 terrestria
854 4195 892 4252 Oc
943 4197 976 4254 la
996 4199 1039 4250 est
1057 4195 1148 4252 cmc
1197 4195 1229 4252 21
1249 4193 1319 4248 illud

166 4284 209 4352 ut]
228 4283 293 4338 illut
308 4283 336 4340 Α0
371 4283 405 4338 22
424 4284 641 4354 magnitudinem
664 4283 736 4338 One.
794 4283 895 4338 elatum
913 4284 987 4342 Coc.
1030 4287 1065 4339 24
1085 4285 1151 4340 alias
1171 4286 1194 4354 (s
1208 4300 1229 4339 e.
1250 4281 1319 4350 l.)O

164 4371 320 4444 pandantur
340 4372 377 4428 Co
431 4374 466 4428 25
486 4373 605 4429 efficitur
622 4374 650 4427 A

194 4499 319 4540 xxxxvl.
334 4499 413 4542 sueni
425 4509 479 4550 pars
494 4497 513 4540 1.
548 4492 550 4497 ’
1266 4479 1281 4532 7
