<?xml version="1.0" encoding="UTF-8"?>
<!DOCTYPE html PUBLIC "-//W3C//DTD XHTML 1.0 Transitional//EN"
    "http://www.w3.org/TR/xhtml1/DTD/xhtml1-transitional.dtd">
<html xmlns="http://www.w3.org/1999/xhtml" xml:lang="en" lang="en">
 <head>
  <title>
</title>
<meta http-equiv="Content-Type" content="text/html;charset=utf-8" />
  <meta name='ocr-system' content='tesseract 3.04.00' />
  <meta name='ocr-capabilities' content='ocr_page ocr_carea ocr_par ocr_line ocrx_word'/>
</head>
<body>
  <div class='ocr_page' id='page_1' title='image "./tyranniirvfinio00engegoog_0216.png"; bbox 0 0 3194 4982; ppageno 0'>
   <div class='ocr_carea' id='block_1_1' title="bbox 641 456 1492 526">
    <p class='ocr_par' dir='ltr' id='par_1_1' title="bbox 641 456 1492 526">
     <span class='ocr_line' id='line_1_1' title="bbox 641 456 1492 526; baseline 0.012 -17"><span class='ocrx_word' id='word_1_1' title='bbox 641 456 691 510; x_wconf 87' lang='lat' dir='ltr'>Ill.</span> <span class='ocrx_word' id='word_1_2' title='bbox 710 457 756 512; x_wconf 91' lang='lat' dir='ltr'>De</span> <span class='ocrx_word' id='word_1_3' title='bbox 774 457 956 511; x_wconf 84' lang='lat' dir='ltr'><strong>luminibus</strong></span> <span class='ocrx_word' id='word_1_4' title='bbox 975 459 1055 510; x_wconf 81' lang='lat'><strong>4-7.</strong></span> <span class='ocrx_word' id='word_1_5' title='bbox 1362 462 1424 526; x_wconf 82' lang='grc'>115</span> <span class='ocrx_word' id='word_1_6' title='bbox 1489 475 1492 482; x_wconf 91' lang='grc'><strong>’</strong></span> 
     </span>
    </p>
   </div>
   <div class='ocr_carea' id='block_1_2' title="bbox 226 652 1467 2870">
    <p class='ocr_par' dir='ltr' id='par_1_2' title="bbox 272 652 1425 1056">
     <span class='ocr_line' id='line_1_2' title="bbox 272 652 1425 745; baseline -0.002 -27"><span class='ocrx_word' id='word_1_7' title='bbox 272 654 447 719; x_wconf 78' lang='lat' dir='ltr'>talionibus</span> <span class='ocrx_word' id='word_1_8' title='bbox 471 652 661 736; x_wconf 77' lang='lat' dir='ltr'>perquisita3</span> <span class='ocrx_word' id='word_1_9' title='bbox 685 672 746 717; x_wconf 92' lang='lat' dir='ltr'>non</span> <span class='ocrx_word' id='word_1_10' title='bbox 766 653 861 718; x_wconf 88' lang='lat' dir='ltr'>lsidis</span> <span class='ocrx_word' id='word_1_11' title='bbox 886 672 969 718; x_wconf 88' lang='lat' dir='ltr'>error</span> <span class='ocrx_word' id='word_1_12' title='bbox 988 653 1097 720; x_wconf 81' lang='lat' dir='ltr'><strong>infelix</strong></span> <span class='ocrx_word' id='word_1_13' title='bbox 1117 673 1218 736; x_wconf 86' lang='lat' dir='ltr'>nequo</span> <span class='ocrx_word' id='word_1_14' title='bbox 1236 653 1317 718; x_wconf 87' lang='lat' dir='ltr'>hirci</span> <span class='ocrx_word' id='word_1_15' title='bbox 1336 653 1425 745; x_wconf 87' lang='lat' dir='ltr'>Men-</span> 
     </span>
     <span class='ocr_line' id='line_1_3' title="bbox 273 759 1425 843; baseline 0 -19"><span class='ocrx_word' id='word_1_16' title='bbox 273 761 355 825; x_wconf 85' lang='lat' dir='ltr'><strong>desii</strong></span> <span class='ocrx_word' id='word_1_17' title='bbox 372 779 429 825; x_wconf 89' lang='lat' dir='ltr'>nec</span> <span class='ocrx_word' id='word_1_18' title='bbox 447 759 568 842; x_wconf 79' lang='lat' dir='ltr'><strong>Apidos</strong></span> <span class='ocrx_word' id='word_1_19' title='bbox 588 759 683 823; x_wconf 92' lang='lat' dir='ltr'>uituli</span> <span class='ocrx_word' id='word_1_20' title='bbox 703 778 872 843; x_wconf 79' lang='lat' dir='ltr'>praesaepe</span> <span class='ocrx_word' id='word_1_21' title='bbox 891 760 1108 843; x_wconf 83' lang='lat' dir='ltr'>Memphitiois</span> <span class='ocrx_word' id='word_1_22' title='bbox 1129 761 1305 826; x_wconf 87' lang='lat' dir='ltr'>cultoribus</span> <span class='ocrx_word' id='word_1_23' title='bbox 1326 761 1425 825; x_wconf 89' lang='lat' dir='ltr'>stulta</span> 
     </span>
     <span class='ocr_line' id='line_1_4' title="bbox 273 866 1422 950; baseline 0 -20"><span class='ocrx_word' id='word_1_24' title='bbox 273 867 455 930; x_wconf 78' lang='lat' dir='ltr'>adulatione</span> <span class='ocrx_word' id='word_1_25' title='bbox 478 869 664 930; x_wconf 88' lang='lat' dir='ltr'>ueneratum</span> <span class='ocrx_word' id='word_1_26' title='bbox 688 885 790 944; x_wconf 83' lang='lat' dir='ltr'>noque</span> <span class='ocrx_word' id='word_1_27' title='bbox 814 866 870 930; x_wconf 90' lang='lat' dir='ltr'>illa</span> <span class='ocrx_word' id='word_1_28' title='bbox 893 866 1008 948; x_wconf 89' lang='lat' dir='ltr'>quibus</span> <span class='ocrx_word' id='word_1_29' title='bbox 1031 866 1188 931; x_wconf 83' lang='lat' dir='ltr'>infamant</span> <span class='ocrx_word' id='word_1_30' title='bbox 1207 867 1308 950; x_wconf 87' lang='lat' dir='ltr'>magis</span> <span class='ocrx_word' id='word_1_31' title='bbox 1328 885 1422 948; x_wconf 86' lang='lat' dir='ltr'>quam</span> 
     </span>
     <span class='ocr_line' id='line_1_5' title="bbox 273 971 1425 1056; baseline 0.002 -20"><span class='ocrx_word' id='word_1_32' title='bbox 273 973 426 1039; x_wconf 88' lang='lat' dir='ltr'>honorant</span> <span class='ocrx_word' id='word_1_33' title='bbox 457 973 645 1056; x_wconf 80' lang='lat' dir='ltr'>frugiferum</span> <span class='ocrx_word' id='word_1_34' title='bbox 678 971 797 1052; x_wconf 86' lang='lat' dir='ltr'>Nilum,</span> <span class='ocrx_word' id='word_1_35' title='bbox 835 991 907 1038; x_wconf 93' lang='lat' dir='ltr'>cum</span> <span class='ocrx_word' id='word_1_36' title='bbox 941 992 1014 1037; x_wconf 90' lang='lat' dir='ltr'>eum</span> <span class='ocrx_word' id='word_1_37' title='bbox 1047 973 1144 1055; x_wconf 83' lang='lat' dir='ltr'><strong>spinis</strong></span> <span class='ocrx_word' id='word_1_38' title='bbox 1177 977 1354 1038; x_wconf 78' lang='lat' dir='ltr'>comantem</span> <span class='ocrx_word' id='word_1_39' title='bbox 1393 977 1425 1038; x_wconf 90' lang='lat' dir='ltr'>et</span> 
     </span>
    </p>

    <p class='ocr_par' dir='ltr' id='par_1_3' title="bbox 241 1079 1423 1268">
     <span class='ocr_line' id='line_1_6' title="bbox 241 1079 1423 1162; baseline 0 -18"><span class='ocrx_word' id='word_1_40' title='bbox 241 1080 356 1144; x_wconf 83' lang='lat' dir='ltr'>eulnis</span> <span class='ocrx_word' id='word_1_41' title='bbox 381 1080 565 1145; x_wconf 84' lang='lat' dir='ltr'>florentibus</span> <span class='ocrx_word' id='word_1_42' title='bbox 589 1079 794 1144; x_wconf 88' lang='lat' dir='ltr'>inundantem</span> <span class='ocrx_word' id='word_1_43' title='bbox 818 1079 904 1144; x_wconf 91' lang='lat' dir='ltr'>uitae</span> <span class='ocrx_word' id='word_1_44' title='bbox 929 1097 1005 1144; x_wconf 86' lang='lat' dir='ltr'>suae</span> <span class='ocrx_word' id='word_1_45' title='bbox 1024 1082 1184 1145; x_wconf 75' lang='lat' dir='ltr'>auctorem</span> <span class='ocrx_word' id='word_1_46' title='bbox 1205 1098 1241 1144; x_wconf 89' lang='lat' dir='ltr'>ac</span> <span class='ocrx_word' id='word_1_47' title='bbox 1260 1083 1423 1162; x_wconf 87' lang='lat' dir='ltr'>parentem</span> 
     </span>
     <span class='ocr_line' id='line_1_7' title="bbox 275 1191 397 1268; baseline -0.008 -16"><span class='ocrx_word' id='word_1_48' title='bbox 275 1191 397 1268; x_wconf 86' lang='lat' dir='ltr'>putant.</span> 
     </span>
    </p>

    <p class='ocr_par' dir='ltr' id='par_1_4' title="bbox 272 1293 1424 1589">
     <span class='ocr_line' id='line_1_8' title="bbox 319 1293 1424 1378; baseline 0 -19"><span class='ocrx_word' id='word_1_49' title='bbox 319 1295 347 1360; x_wconf 88' lang='grc'>6.</span> <span class='ocrx_word' id='word_1_50' title='bbox 376 1293 498 1359; x_wconf 86' lang='lat' dir='ltr'>Omitto</span> <span class='ocrx_word' id='word_1_51' title='bbox 527 1293 685 1377; x_wconf 89' lang='lat' dir='ltr'>pecudum</span> <span class='ocrx_word' id='word_1_52' title='bbox 715 1297 748 1358; x_wconf 88' lang='lat' dir='ltr'>et</span> <span class='ocrx_word' id='word_1_53' title='bbox 775 1293 968 1376; x_wconf 87' lang='lat' dir='ltr'>serpentium</span> <span class='ocrx_word' id='word_1_54' title='bbox 998 1295 1263 1378; x_wconf 85' lang='lat' dir='ltr'>omnigenumque</span> <span class='ocrx_word' id='word_1_55' title='bbox 1293 1294 1424 1368; x_wconf 89' lang='lat' dir='ltr'>deorum</span> 
     </span>
     <span class='ocr_line' id='line_1_9' title="bbox 272 1400 1424 1485; baseline 0.001 -20"><span class='ocrx_word' id='word_1_56' title='bbox 272 1406 414 1466; x_wconf 88' lang='lat' dir='ltr'>monstra</span> <span class='ocrx_word' id='word_1_57' title='bbox 435 1405 585 1476; x_wconf 83' lang='lat' dir='ltr'>retexere,</span> <span class='ocrx_word' id='word_1_58' title='bbox 611 1401 727 1482; x_wconf 88' lang='lat' dir='ltr'>quibus</span> <span class='ocrx_word' id='word_1_59' title='bbox 747 1400 883 1485; x_wconf 86' lang='lat' dir='ltr'>singulis</span> <span class='ocrx_word' id='word_1_60' title='bbox 903 1400 1047 1483; x_wconf 87' lang='lat' dir='ltr'>propriae</span> <span class='ocrx_word' id='word_1_61' title='bbox 1066 1400 1259 1466; x_wconf 86' lang='lat' dir='ltr'>festiuitates</span> <span class='ocrx_word' id='word_1_62' title='bbox 1280 1404 1312 1466; x_wconf 88' lang='lat' dir='ltr'>et</span> <span class='ocrx_word' id='word_1_63' title='bbox 1332 1400 1424 1466; x_wconf 90' lang='lat' dir='ltr'>dede-</span> 
     </span>
     <span class='ocr_line' id='line_1_10' title="bbox 273 1506 1421 1589; baseline -0.001 -18"><span class='ocrx_word' id='word_1_64' title='bbox 273 1507 355 1571; x_wconf 90' lang='lat' dir='ltr'>ooris</span> <span class='ocrx_word' id='word_1_65' title='bbox 374 1506 500 1589; x_wconf 89' lang='lat' dir='ltr'>propria</span> <span class='ocrx_word' id='word_1_66' title='bbox 519 1508 593 1570; x_wconf 92' lang='lat' dir='ltr'>sunt</span> <span class='ocrx_word' id='word_1_67' title='bbox 611 1506 764 1588; x_wconf 88' lang='lat' dir='ltr'>deputata</span> <span class='ocrx_word' id='word_1_68' title='bbox 782 1506 946 1588; x_wconf 87' lang='lat' dir='ltr'>mysteria:</span> <span class='ocrx_word' id='word_1_69' title='bbox 967 1508 1023 1571; x_wconf 91' lang='lat' dir='ltr'>sed</span> <span class='ocrx_word' id='word_1_70' title='bbox 1042 1543 1084 1552; x_wconf 92' lang='lat'><em>-</em></span> <span class='ocrx_word' id='word_1_71' title='bbox 1101 1526 1118 1571; x_wconf 97' lang='lat' dir='ltr'>o</span> <span class='ocrx_word' id='word_1_72' title='bbox 1134 1525 1219 1571; x_wconf 88' lang='lat' dir='ltr'>error</span> <span class='ocrx_word' id='word_1_73' title='bbox 1236 1507 1359 1571; x_wconf 82' lang='lat' dir='ltr'>infelix!</span> <span class='ocrx_word' id='word_1_74' title='bbox 1380 1543 1421 1555; x_wconf 92' lang='lat'>--</span> 
     </span>
    </p>

    <p class='ocr_par' dir='ltr' id='par_1_5' title="bbox 228 1612 1467 2122">
     <span class='ocr_line' id='line_1_11' title="bbox 228 1612 1423 1695; baseline 0.002 -19"><span class='ocrx_word' id='word_1_75' title='bbox 228 1632 255 1676; x_wconf 89' lang='lat' dir='ltr'>ro</span> <span class='ocrx_word' id='word_1_76' title='bbox 273 1612 428 1694; x_wconf 91' lang='lat' dir='ltr'>numquid</span> <span class='ocrx_word' id='word_1_77' title='bbox 450 1613 481 1676; x_wconf 93' lang='lat' dir='ltr'>in</span> <span class='ocrx_word' id='word_1_78' title='bbox 501 1615 625 1677; x_wconf 84' lang='lat' dir='ltr'>tantum</span> <span class='ocrx_word' id='word_1_79' title='bbox 649 1612 747 1695; x_wconf 86' lang='lat' dir='ltr'>sopiri</span> <span class='ocrx_word' id='word_1_80' title='bbox 771 1616 803 1676; x_wconf 92' lang='lat' dir='ltr'>et</span> <span class='ocrx_word' id='word_1_81' title='bbox 827 1613 917 1676; x_wconf 92' lang='lat' dir='ltr'>obrui</span> <span class='ocrx_word' id='word_1_82' title='bbox 946 1612 978 1678; x_wconf 89' lang='lat' dir='ltr'>in</span> <span class='ocrx_word' id='word_1_83' title='bbox 1006 1613 1099 1677; x_wconf 90' lang='lat' dir='ltr'>uobis</span> <span class='ocrx_word' id='word_1_84' title='bbox 1129 1612 1240 1678; x_wconf 87' lang='lat' dir='ltr'>debuit</span> <span class='ocrx_word' id='word_1_85' title='bbox 1266 1614 1423 1678; x_wconf 87' lang='lat' dir='ltr'>humanae</span> 
     </span>
     <span class='ocr_line' id='line_1_12' title="bbox 273 1713 1424 1797; baseline 0 -13"><span class='ocrx_word' id='word_1_86' title='bbox 273 1723 402 1784; x_wconf 86' lang='lat' dir='ltr'>naturas</span> <span class='ocrx_word' id='word_1_87' title='bbox 429 1719 595 1797; x_wconf 85' lang='lat' dir='ltr'>iudicium,</span> <span class='ocrx_word' id='word_1_88' title='bbox 628 1723 674 1797; x_wconf 83' lang='lat' dir='ltr'>ut,</span> <span class='ocrx_word' id='word_1_89' title='bbox 709 1719 736 1783; x_wconf 89' lang='lat' dir='ltr'>si</span> <span class='ocrx_word' id='word_1_90' title='bbox 764 1719 844 1784; x_wconf 82' lang='lat' dir='ltr'>forte</span> <span class='ocrx_word' id='word_1_91' title='bbox 873 1713 1064 1784; x_wconf 84' lang='lat' dir='ltr'>deuicndum</span> <span class='ocrx_word' id='word_1_92' title='bbox 1095 1720 1199 1784; x_wconf 87' lang='lat' dir='ltr'>fuerat</span> <span class='ocrx_word' id='word_1_93' title='bbox 1227 1740 1245 1784; x_wconf 90' lang='lat' dir='ltr'>a</span> <span class='ocrx_word' id='word_1_94' title='bbox 1272 1721 1340 1784; x_wconf 89' lang='lat' dir='ltr'>ueri</span> <span class='ocrx_word' id='word_1_95' title='bbox 1373 1720 1424 1784; x_wconf 85' lang='lat' dir='ltr'>dei</span> 
     </span>
     <span class='ocr_line' id='line_1_13' title="bbox 273 1825 1422 1908; baseline 0.001 -19"><span class='ocrx_word' id='word_1_96' title='bbox 273 1825 372 1902; x_wconf 82' lang='lat' dir='ltr'>cultu,</span> <span class='ocrx_word' id='word_1_97' title='bbox 404 1845 507 1908; x_wconf 88' lang='lat' dir='ltr'>nsque</span> <span class='ocrx_word' id='word_1_98' title='bbox 536 1825 575 1890; x_wconf 89' lang='lat' dir='ltr'>ad</span> <span class='ocrx_word' id='word_1_99' title='bbox 602 1826 663 1890; x_wconf 88' lang='lat' dir='ltr'>hoc</span> <span class='ocrx_word' id='word_1_100' title='bbox 691 1827 864 1903; x_wconf 86' lang='lat' dir='ltr'>ueniretur,</span> <span class='ocrx_word' id='word_1_101' title='bbox 897 1830 934 1890; x_wconf 93' lang='lat' dir='ltr'>nt</span> <span class='ocrx_word' id='word_1_102' title='bbox 962 1827 1132 1891; x_wconf 85' lang='lat' dir='ltr'>simulacra</span> <span class='ocrx_word' id='word_1_103' title='bbox 1159 1845 1237 1893; x_wconf 92' lang='lat' dir='ltr'>uoce</span> <span class='ocrx_word' id='word_1_104' title='bbox 1266 1831 1298 1892; x_wconf 89' lang='lat' dir='ltr'>ct</span> <span class='ocrx_word' id='word_1_105' title='bbox 1328 1846 1422 1892; x_wconf 90' lang='lat' dir='ltr'>sensu</span> 
     </span>
     <span class='ocr_line' id='line_1_14' title="bbox 271 1933 1422 2017; baseline 0.003 -22"><span class='ocrx_word' id='word_1_106' title='bbox 271 1936 424 2015; x_wconf 89' lang='lat' dir='ltr'>motuque</span> <span class='ocrx_word' id='word_1_107' title='bbox 449 1933 597 2010; x_wconf 85' lang='lat' dir='ltr'>carentia,</span> <span class='ocrx_word' id='word_1_108' title='bbox 625 1933 781 1997; x_wconf 88' lang='lat' dir='ltr'>humanae</span> <span class='ocrx_word' id='word_1_109' title='bbox 805 1933 881 1998; x_wconf 90' lang='lat' dir='ltr'>artis</span> <span class='ocrx_word' id='word_1_110' title='bbox 907 1951 1001 2015; x_wconf 87' lang='lat' dir='ltr'>opera</span> <span class='ocrx_word' id='word_1_111' title='bbox 1023 1952 1237 2016; x_wconf 89' lang='lat' dir='ltr'>manuumque</span> <span class='ocrx_word' id='word_1_112' title='bbox 1261 1933 1422 2017; x_wconf 82' lang='lat' dir='ltr'>figmenta,</span> 
     </span>
     <span class='ocr_line' id='line_1_15' title="bbox 273 2040 1467 2122; baseline -0.005 -18"><span class='ocrx_word' id='word_1_113' title='bbox 273 2041 470 2105; x_wconf 77' lang='lat' dir='ltr'>colerentur?</span> <span class='ocrx_word' id='word_1_114' title='bbox 504 2041 581 2122; x_wconf 88' lang='lat' dir='ltr'>quid</span> <span class='ocrx_word' id='word_1_115' title='bbox 613 2040 701 2104; x_wconf 86' lang='lat' dir='ltr'>alind</span> <span class='ocrx_word' id='word_1_116' title='bbox 734 2041 826 2105; x_wconf 90' lang='lat' dir='ltr'>uobis</span> <span class='ocrx_word' id='word_1_117' title='bbox 858 2041 1095 2122; x_wconf 88' lang='lat' dir='ltr'>inprecarontur</span> <span class='ocrx_word' id='word_1_118' title='bbox 1126 2040 1257 2119; x_wconf 85' lang='lat' dir='ltr'>inimici,</span> <span class='ocrx_word' id='word_1_119' title='bbox 1292 2040 1353 2106; x_wconf 89' lang='lat' dir='ltr'>uisi</span> <span class='ocrx_word' id='word_1_120' title='bbox 1387 2045 1424 2104; x_wconf 92' lang='lat' dir='ltr'>ut</span> <span class='ocrx_word' id='word_1_121' title='bbox 1451 2046 1467 2098; x_wconf 85' lang='lat'><strong>2</strong></span> 
     </span>
    </p>

    <p class='ocr_par' dir='ltr' id='par_1_6' title="bbox 228 2146 1423 2654">
     <span class='ocr_line' id='line_1_16' title="bbox 228 2146 1423 2231; baseline 0.001 -22"><span class='ocrx_word' id='word_1_122' title='bbox 228 2166 254 2210; x_wconf 84' lang='lat' dir='ltr'>ro</span> <span class='ocrx_word' id='word_1_123' title='bbox 271 2146 348 2211; x_wconf 88' lang='lat' dir='ltr'>talia</span> <span class='ocrx_word' id='word_1_124' title='bbox 372 2147 518 2213; x_wconf 82' lang='lat' dir='ltr'>coleretis</span> <span class='ocrx_word' id='word_1_125' title='bbox 542 2149 575 2212; x_wconf 90' lang='lat' dir='ltr'>et</span> <span class='ocrx_word' id='word_1_126' title='bbox 597 2147 628 2211; x_wconf 90' lang='lat' dir='ltr'>io</span> <span class='ocrx_word' id='word_1_127' title='bbox 653 2147 770 2212; x_wconf 83' lang='lat' dir='ltr'>talibus</span> <span class='ocrx_word' id='word_1_128' title='bbox 796 2166 869 2229; x_wconf 91' lang='lat' dir='ltr'>spes</span> <span class='ocrx_word' id='word_1_129' title='bbox 894 2152 926 2212; x_wconf 89' lang='lat' dir='ltr'>et</span> <span class='ocrx_word' id='word_1_130' title='bbox 944 2147 1055 2231; x_wconf 84' lang='lat' dir='ltr'>religio</span> <span class='ocrx_word' id='word_1_131' title='bbox 1075 2151 1185 2213; x_wconf 90' lang='lat' dir='ltr'>uestra</span> <span class='ocrx_word' id='word_1_132' title='bbox 1203 2147 1361 2229; x_wconf 81' lang='lat' dir='ltr'>penderet,</span> <span class='ocrx_word' id='word_1_133' title='bbox 1386 2151 1423 2210; x_wconf 91' lang='lat' dir='ltr'>ut</span> 
     </span>
     <span class='ocr_line' id='line_1_17' title="bbox 272 2253 1422 2337; baseline 0 -20"><span class='ocrx_word' id='word_1_134' title='bbox 272 2253 448 2318; x_wconf 85' lang='lat' dir='ltr'>mercedem</span> <span class='ocrx_word' id='word_1_135' title='bbox 477 2273 572 2335; x_wconf 89' lang='lat' dir='ltr'>quam</span> <span class='ocrx_word' id='word_1_136' title='bbox 600 2255 741 2336; x_wconf 90' lang='lat' dir='ltr'>oportuit</span> <span class='ocrx_word' id='word_1_137' title='bbox 774 2254 886 2318; x_wconf 89' lang='lat' dir='ltr'>erroris</span> <span class='ocrx_word' id='word_1_138' title='bbox 919 2256 1030 2331; x_wconf 80' lang='lat' dir='ltr'>uestri,</span> <span class='ocrx_word' id='word_1_139' title='bbox 1064 2256 1149 2320; x_wconf 85' lang='lat' dir='ltr'>sicut</span> <span class='ocrx_word' id='word_1_140' title='bbox 1181 2255 1225 2319; x_wconf 86' lang='lat' dir='ltr'>ait</span> <span class='ocrx_word' id='word_1_141' title='bbox 1257 2253 1422 2337; x_wconf 88' lang='lat' dir='ltr'>apostolus</span> 
     </span>
     <span class='ocr_line' id='line_1_18' title="bbox 272 2359 1422 2442; baseline -0.001 -18"><span class='ocrx_word' id='word_1_142' title='bbox 272 2359 402 2438; x_wconf 85' lang='lat' dir='ltr'>Paulus,</span> <span class='ocrx_word' id='word_1_143' title='bbox 431 2360 463 2424; x_wconf 90' lang='lat' dir='ltr'>in</span> <span class='ocrx_word' id='word_1_144' title='bbox 487 2360 536 2424; x_wconf 92' lang='lat' dir='ltr'>his</span> <span class='ocrx_word' id='word_1_145' title='bbox 561 2361 639 2441; x_wconf 89' lang='lat' dir='ltr'>ipsis</span> <span class='ocrx_word' id='word_1_146' title='bbox 663 2360 855 2442; x_wconf 81' lang='lat' dir='ltr'>reciperetis,</span> <span class='ocrx_word' id='word_1_147' title='bbox 884 2361 915 2424; x_wconf 93' lang='lat' dir='ltr'>in</span> <span class='ocrx_word' id='word_1_148' title='bbox 945 2361 1061 2442; x_wconf 91' lang='lat' dir='ltr'>quibus</span> <span class='ocrx_word' id='word_1_149' title='bbox 1091 2360 1218 2425; x_wconf 84' lang='lat' dir='ltr'>colitis?</span> <span class='ocrx_word' id='word_1_150' title='bbox 1247 2378 1309 2424; x_wconf 92' lang='lat' dir='ltr'>non</span> <span class='ocrx_word' id='word_1_151' title='bbox 1338 2361 1422 2424; x_wconf 91' lang='lat' dir='ltr'>enim</span> 
     </span>
     <span class='ocr_line' id='line_1_19' title="bbox 271 2466 1421 2550; baseline 0.003 -21"><span class='ocrx_word' id='word_1_152' title='bbox 271 2469 395 2532; x_wconf 89' lang='lat' dir='ltr'>tantum</span> <span class='ocrx_word' id='word_1_153' title='bbox 419 2466 484 2532; x_wconf 89' lang='lat' dir='ltr'>illis</span> <span class='ocrx_word' id='word_1_154' title='bbox 504 2467 632 2531; x_wconf 87' lang='lat' dir='ltr'>honoris</span> <span class='ocrx_word' id='word_1_155' title='bbox 652 2466 793 2544; x_wconf 78' lang='lat' dir='ltr'>defertis,</span> <span class='ocrx_word' id='word_1_156' title='bbox 817 2470 972 2550; x_wconf 90' lang='lat' dir='ltr'>quantum</span> <span class='ocrx_word' id='word_1_157' title='bbox 991 2487 1027 2532; x_wconf 83' lang='lat' dir='ltr'>ex</span> <span class='ocrx_word' id='word_1_158' title='bbox 1044 2467 1173 2532; x_wconf 91' lang='lat' dir='ltr'>illorum</span> <span class='ocrx_word' id='word_1_159' title='bbox 1192 2466 1344 2532; x_wconf 90' lang='lat' dir='ltr'>dedecore</span> <span class='ocrx_word' id='word_1_160' title='bbox 1365 2486 1421 2532; x_wconf 87' lang='lat' dir='ltr'>nos</span> 
     </span>
     <span class='ocr_line' id='line_1_20' title="bbox 271 2573 1423 2654; baseline -0.001 -17"><span class='ocrx_word' id='word_1_161' title='bbox 271 2574 404 2646; x_wconf 85' lang='lat' dir='ltr'>iniuriae</span> <span class='ocrx_word' id='word_1_162' title='bbox 427 2574 566 2638; x_wconf 83' lang='lat' dir='ltr'>sumitis.</span> <span class='ocrx_word' id='word_1_163' title='bbox 595 2592 722 2639; x_wconf 89' lang='lat' dir='ltr'>oerror</span> <span class='ocrx_word' id='word_1_164' title='bbox 749 2574 961 2652; x_wconf 78' lang='lat' dir='ltr'>exsecrabilia,</span> <span class='ocrx_word' id='word_1_165' title='bbox 991 2574 1048 2639; x_wconf 91' lang='lat' dir='ltr'>sed</span> <span class='ocrx_word' id='word_1_166' title='bbox 1076 2573 1297 2638; x_wconf 85' lang='lat' dir='ltr'>exsecrabilior</span> <span class='ocrx_word' id='word_1_167' title='bbox 1325 2575 1423 2654; x_wconf 91' lang='lat' dir='ltr'>turpi-</span> 
     </span>
    </p>

    <p class='ocr_par' dir='ltr' id='par_1_7' title="bbox 226 2679 1423 2870">
     <span class='ocr_line' id='line_1_21' title="bbox 226 2679 1423 2763; baseline -0.003 -17"><span class='ocrx_word' id='word_1_168' title='bbox 226 2700 254 2746; x_wconf 80' lang='lat' dir='ltr'>no</span> <span class='ocrx_word' id='word_1_169' title='bbox 271 2680 364 2745; x_wconf 82' lang='lat' dir='ltr'>tudo!</span> <span class='ocrx_word' id='word_1_170' title='bbox 394 2682 487 2746; x_wconf 90' lang='lat' dir='ltr'>stulti</span> <span class='ocrx_word' id='word_1_171' title='bbox 511 2681 640 2762; x_wconf 89' lang='lat' dir='ltr'>quidem</span> <span class='ocrx_word' id='word_1_172' title='bbox 663 2681 716 2763; x_wconf 89' lang='lat' dir='ltr'>qui</span> <span class='ocrx_word' id='word_1_173' title='bbox 741 2681 871 2746; x_wconf 89' lang='lat' dir='ltr'>adorant</span> <span class='ocrx_word' id='word_1_174' title='bbox 902 2685 943 2760; x_wconf 84' lang='lat' dir='ltr'>et,</span> <span class='ocrx_word' id='word_1_175' title='bbox 973 2701 1045 2745; x_wconf 92' lang='lat' dir='ltr'>cum</span> <span class='ocrx_word' id='word_1_176' title='bbox 1073 2681 1135 2762; x_wconf 91' lang='lat' dir='ltr'>ipsi</span> <span class='ocrx_word' id='word_1_177' title='bbox 1164 2681 1228 2744; x_wconf 90' lang='lat' dir='ltr'>sint</span> <span class='ocrx_word' id='word_1_178' title='bbox 1255 2679 1362 2744; x_wconf 89' lang='lat' dir='ltr'>miseri</span> <span class='ocrx_word' id='word_1_179' title='bbox 1391 2682 1423 2743; x_wconf 92' lang='lat' dir='ltr'>et</span> 
     </span>
     <span class='ocr_line' id='line_1_22' title="bbox 271 2787 1215 2870; baseline 0 -20"><span class='ocrx_word' id='word_1_180' title='bbox 271 2787 362 2865; x_wconf 82' lang='lat' dir='ltr'>mles,</span> <span class='ocrx_word' id='word_1_181' title='bbox 387 2788 501 2852; x_wconf 92' lang='lat' dir='ltr'>uiliora</span> <span class='ocrx_word' id='word_1_182' title='bbox 525 2793 631 2852; x_wconf 88' lang='lat' dir='ltr'>tamen</span> <span class='ocrx_word' id='word_1_183' title='bbox 657 2791 732 2853; x_wconf 87' lang='lat' dir='ltr'>sunt</span> <span class='ocrx_word' id='word_1_184' title='bbox 755 2791 787 2852; x_wconf 90' lang='lat' dir='ltr'>et</span> <span class='ocrx_word' id='word_1_185' title='bbox 810 2789 973 2852; x_wconf 89' lang='lat' dir='ltr'>miseriora</span> <span class='ocrx_word' id='word_1_186' title='bbox 997 2806 1076 2870; x_wconf 88' lang='lat' dir='ltr'>quae</span> <span class='ocrx_word' id='word_1_187' title='bbox 1097 2787 1215 2852; x_wconf 90' lang='lat' dir='ltr'>colunt.</span> 
     </span>
    </p>
   </div>
   <div class='ocr_carea' id='block_1_3' title="bbox 260 2892 1422 3083">
    <p class='ocr_par' dir='ltr' id='par_1_8' title="bbox 260 2892 1422 3083">
     <span class='ocr_line' id='line_1_23' title="bbox 317 2892 1422 2978; baseline -0.002 -20"><span class='ocrx_word' id='word_1_188' title='bbox 317 2895 346 2958; x_wconf 83' lang='lat'>7.</span> <span class='ocrx_word' id='word_1_189' title='bbox 372 2893 434 2959; x_wconf 85' lang='lat' dir='ltr'>Sed</span> <span class='ocrx_word' id='word_1_190' title='bbox 456 2895 488 2960; x_wconf 93' lang='lat' dir='ltr'>in</span> <span class='ocrx_word' id='word_1_191' title='bbox 511 2896 560 2959; x_wconf 90' lang='lat' dir='ltr'>his</span> <span class='ocrx_word' id='word_1_192' title='bbox 585 2895 769 2960; x_wconf 88' lang='lat' dir='ltr'>inludantur</span> <span class='ocrx_word' id='word_1_193' title='bbox 786 2895 925 2960; x_wconf 85' lang='lat' dir='ltr'>familiae</span> <span class='ocrx_word' id='word_1_194' title='bbox 946 2895 1088 2978; x_wconf 87' lang='lat' dir='ltr'>gentium</span> <span class='ocrx_word' id='word_1_195' title='bbox 1107 2896 1139 2958; x_wconf 93' lang='lat' dir='ltr'>et</span> <span class='ocrx_word' id='word_1_196' title='bbox 1159 2892 1308 2976; x_wconf 91' lang='lat' dir='ltr'>discipuli</span> <span class='ocrx_word' id='word_1_197' title='bbox 1327 2912 1422 2976; x_wconf 83' lang='lat' dir='ltr'>paga·</span> 
     </span>
     <span class='ocr_line' id='line_1_24' title="bbox 260 2998 1421 3083; baseline 0 -21"><span class='ocrx_word' id='word_1_198' title='bbox 260 3019 381 3079; x_wconf 90' lang='lat' dir='ltr'>norum</span> <span class='ocrx_word' id='word_1_199' title='bbox 400 3001 526 3083; x_wconf 82' lang='lat' dir='ltr'>decepti</span> <span class='ocrx_word' id='word_1_200' title='bbox 544 3002 671 3066; x_wconf 82' lang='lat' dir='ltr'>fallacia</span> <span class='ocrx_word' id='word_1_201' title='bbox 691 3001 889 3066; x_wconf 88' lang='lat' dir='ltr'>daemonnm.</span> <span class='ocrx_word' id='word_1_202' title='bbox 914 3002 952 3064; x_wconf 88' lang='lat' dir='ltr'>ab</span> <span class='ocrx_word' id='word_1_203' title='bbox 971 3001 1051 3083; x_wconf 89' lang='lat' dir='ltr'>ipsis</span> <span class='ocrx_word' id='word_1_204' title='bbox 1072 3001 1155 3065; x_wconf 91' lang='lat' dir='ltr'>enim</span> <span class='ocrx_word' id='word_1_205' title='bbox 1175 3000 1275 3065; x_wconf 91' lang='lat' dir='ltr'>honor</span> <span class='ocrx_word' id='word_1_206' title='bbox 1293 2998 1421 3063; x_wconf 90' lang='lat' dir='ltr'>diuinus</span> 
     </span>
    </p>
   </div>
   <div class='ocr_carea' id='block_1_4' title="bbox 360 3241 642 3312">
    <p class='ocr_par' dir='ltr' id='par_1_9' title="bbox 360 3241 642 3312">
     <span class='ocr_line' id='line_1_25' title="bbox 360 3241 642 3312; baseline 0 -16"><span class='ocrx_word' id='word_1_207' title='bbox 360 3243 393 3296; x_wconf 88' lang='lat' dir='ltr'>ro</span> <span class='ocrx_word' id='word_1_208' title='bbox 414 3241 446 3298; x_wconf 74' lang='lat' dir='ltr'>or.</span> <span class='ocrx_word' id='word_1_209' title='bbox 467 3243 543 3298; x_wconf 79' lang='lat' dir='ltr'>eom.</span> <span class='ocrx_word' id='word_1_210' title='bbox 566 3243 589 3312; x_wconf 90' lang='lat'>1,</span> <span class='ocrx_word' id='word_1_211' title='bbox 609 3243 642 3296; x_wconf 79' lang='lat' dir='ltr'>er</span> 
     </span>
    </p>
   </div>
   <div class='ocr_carea' id='block_1_5' title="bbox 268 3381 1480 4415">
    <p class='ocr_par' dir='ltr' id='par_1_10' title="bbox 268 3381 1480 4415">
     <span class='ocr_line' id='line_1_26' title="bbox 307 3381 1419 3455; baseline -0.001 -18"><span class='ocrx_word' id='word_1_212' title='bbox 307 3384 496 3454; x_wconf 83' lang='lat' dir='ltr'>lperqnesita</span> <span class='ocrx_word' id='word_1_213' title='bbox 518 3381 717 3455; x_wconf 76' lang='lat' dir='ltr'>Operquesita</span> <span class='ocrx_word' id='word_1_214' title='bbox 734 3385 761 3437; x_wconf 82' lang='lat' dir='ltr'><strong><em>A</em></strong></span> <span class='ocrx_word' id='word_1_215' title='bbox 864 3383 948 3453; x_wconf 87' lang='lat' dir='ltr'>ysidis</span> <span class='ocrx_word' id='word_1_216' title='bbox 971 3381 1045 3452; x_wconf 70' lang='lat' dir='ltr'>Ono.</span> <span class='ocrx_word' id='word_1_217' title='bbox 1144 3383 1220 3453; x_wconf 86' lang='lat' dir='ltr'>hyrci</span> <span class='ocrx_word' id='word_1_218' title='bbox 1242 3381 1301 3450; x_wconf 84' lang='lat' dir='ltr'>OA,</span> <span class='ocrx_word' id='word_1_219' title='bbox 1321 3399 1372 3437; x_wconf 86' lang='lat' dir='ltr'>om.</span> <span class='ocrx_word' id='word_1_220' title='bbox 1392 3382 1419 3436; x_wconf 85' lang='lat' dir='ltr'><em>R</em></span> 
     </span>
     <span class='ocr_line' id='line_1_27' title="bbox 270 3470 1419 3542; baseline -0.002 -16"><span class='ocrx_word' id='word_1_221' title='bbox 270 3472 287 3526; x_wconf 85' lang='lat'>2</span> <span class='ocrx_word' id='word_1_222' title='bbox 305 3473 400 3542; x_wconf 88' lang='lat' dir='ltr'>apidos</span> <span class='ocrx_word' id='word_1_223' title='bbox 420 3473 441 3538; x_wconf 76' lang='lat' dir='ltr'>&lt;i</span> <span class='ocrx_word' id='word_1_224' title='bbox 459 3489 480 3528; x_wconf 83' lang='lat' dir='ltr'>s.</span> <span class='ocrx_word' id='word_1_225' title='bbox 500 3475 526 3539; x_wconf 91' lang='lat' dir='ltr'>o)</span> <span class='ocrx_word' id='word_1_226' title='bbox 550 3472 573 3525; x_wconf 91' lang='lat'><strong><em>0</em></strong></span> <span class='ocrx_word' id='word_1_227' title='bbox 592 3473 680 3542; x_wconf 87' lang='lat' dir='ltr'>apidis</span> <span class='ocrx_word' id='word_1_228' title='bbox 698 3489 714 3526; x_wconf 85' lang='lat' dir='ltr'>n</span> <span class='ocrx_word' id='word_1_229' title='bbox 800 3471 953 3526; x_wconf 88' lang='lat' dir='ltr'>memfiticis</span> <span class='ocrx_word' id='word_1_230' title='bbox 972 3471 999 3525; x_wconf 84' lang='lat' dir='ltr'><em>R</em></span> <span class='ocrx_word' id='word_1_231' title='bbox 1019 3471 1163 3525; x_wconf 87' lang='lat' dir='ltr'>mentificis</span> <span class='ocrx_word' id='word_1_232' title='bbox 1183 3471 1210 3523; x_wconf 76' lang='lat' dir='ltr'><strong><em>A</em></strong></span> <span class='ocrx_word' id='word_1_233' title='bbox 1229 3471 1373 3524; x_wconf 86' lang='lat' dir='ltr'>menfiticis</span> <span class='ocrx_word' id='word_1_234' title='bbox 1395 3470 1419 3524; x_wconf 81' lang='grc'><em>0</em></span> 
     </span>
     <span class='ocr_line' id='line_1_28' title="bbox 269 3557 1421 3633; baseline -0.003 -18"><span class='ocrx_word' id='word_1_235' title='bbox 269 3561 376 3631; x_wconf 86' lang='lat' dir='ltr'>sculpta</span> <span class='ocrx_word' id='word_1_236' title='bbox 396 3560 434 3615; x_wconf 81' lang='lat' dir='ltr'>Oc</span> <span class='ocrx_word' id='word_1_237' title='bbox 505 3564 522 3614; x_wconf 87' lang='grc'><strong>4</strong></span> <span class='ocrx_word' id='word_1_238' title='bbox 543 3578 603 3614; x_wconf 92' lang='lat' dir='ltr'>eum</span> <span class='ocrx_word' id='word_1_239' title='bbox 622 3578 692 3615; x_wconf 81' lang='lat' dir='ltr'>eras.</span> <span class='ocrx_word' id='word_1_240' title='bbox 717 3560 741 3614; x_wconf 87' lang='lat' dir='ltr'><strong><em>V</em></strong></span> <span class='ocrx_word' id='word_1_241' title='bbox 813 3565 828 3616; x_wconf 87' lang='lat'><strong>5</strong></span> <span class='ocrx_word' id='word_1_242' title='bbox 848 3561 918 3615; x_wconf 88' lang='lat' dir='ltr'>ulnis</span> <span class='ocrx_word' id='word_1_243' title='bbox 938 3559 1080 3633; x_wconf 81' lang='grc' dir='ltr'>(πήχεσιν)]</span> <span class='ocrx_word' id='word_1_244' title='bbox 1101 3559 1196 3614; x_wconf 88' lang='lat' dir='ltr'>culmis</span> <span class='ocrx_word' id='word_1_245' title='bbox 1219 3557 1242 3613; x_wconf 91' lang='lat' dir='ltr'><em>O</em></span> <span class='ocrx_word' id='word_1_246' title='bbox 1262 3563 1298 3626; x_wconf 88' lang='lat' dir='ltr'>(m</span> <span class='ocrx_word' id='word_1_247' title='bbox 1316 3575 1338 3614; x_wconf 82' lang='lat' dir='ltr'>e.</span> <span class='ocrx_word' id='word_1_248' title='bbox 1357 3563 1421 3626; x_wconf 84' lang='lat' dir='ltr'>n)o</span> 
     </span>
     <span class='ocr_line' id='line_1_29' title="bbox 271 3646 1423 3718; baseline -0.003 -14"><span class='ocrx_word' id='word_1_249' title='bbox 271 3649 419 3704; x_wconf 82' lang='lat' dir='ltr'>culmenO</span> <span class='ocrx_word' id='word_1_250' title='bbox 525 3649 712 3718; x_wconf 78' lang='lat' dir='ltr'>florantib30</span> <span class='ocrx_word' id='word_1_251' title='bbox 801 3650 952 3704; x_wconf 76' lang='lat' dir='ltr'>iobmitto</span> <span class='ocrx_word' id='word_1_252' title='bbox 973 3651 1001 3714; x_wconf 92' lang='lat' dir='ltr'>(b</span> <span class='ocrx_word' id='word_1_253' title='bbox 1020 3665 1042 3703; x_wconf 83' lang='lat' dir='ltr'>s.</span> <span class='ocrx_word' id='word_1_254' title='bbox 1063 3649 1091 3715; x_wconf 84' lang='lat' dir='ltr'>l.)</span> <span class='ocrx_word' id='word_1_255' title='bbox 1111 3648 1138 3702; x_wconf 86' lang='lat' dir='ltr'><em>R</em></span> <span class='ocrx_word' id='word_1_256' title='bbox 1247 3646 1423 3717; x_wconf 82' lang='lat' dir='ltr'>pecodumO</span> 
     </span>
     <span class='ocr_line' id='line_1_30' title="bbox 269 3736 1421 3810; baseline -0.003 -17"><span class='ocrx_word' id='word_1_257' title='bbox 269 3741 424 3810; x_wconf 87' lang='lat' dir='ltr'>serpentum</span> <span class='ocrx_word' id='word_1_258' title='bbox 443 3739 468 3790; x_wconf 90' lang='lat' dir='ltr'><strong><em>V</em></strong></span> <span class='ocrx_word' id='word_1_259' title='bbox 540 3739 651 3792; x_wconf 88' lang='lat' dir='ltr'>deornm</span> <span class='ocrx_word' id='word_1_260' title='bbox 670 3756 705 3794; x_wconf 91' lang='lat' dir='ltr'>m.</span> <span class='ocrx_word' id='word_1_261' title='bbox 724 3740 787 3808; x_wconf 81' lang='lat' dir='ltr'>ret]</span> <span class='ocrx_word' id='word_1_262' title='bbox 809 3755 898 3801; x_wconf 84' lang='lat' dir='ltr'>orsum</span> <span class='ocrx_word' id='word_1_263' title='bbox 917 3742 940 3806; x_wconf 87' lang='lat' dir='ltr'>(t</span> <span class='ocrx_word' id='word_1_264' title='bbox 959 3756 979 3792; x_wconf 83' lang='lat' dir='ltr'>e.</span> <span class='ocrx_word' id='word_1_265' title='bbox 999 3741 1022 3805; x_wconf 86' lang='lat' dir='ltr'>s)</span> <span class='ocrx_word' id='word_1_266' title='bbox 1042 3739 1226 3791; x_wconf 86' lang='lat' dir='ltr'>monstrarent</span> <span class='ocrx_word' id='word_1_267' title='bbox 1245 3740 1273 3802; x_wconf 91' lang='lat' dir='ltr'>(n</span> <span class='ocrx_word' id='word_1_268' title='bbox 1290 3736 1339 3791; x_wconf 83' lang='lat' dir='ltr'>alt.</span> <span class='ocrx_word' id='word_1_269' title='bbox 1353 3753 1376 3791; x_wconf 86' lang='lat' dir='ltr'>e.</span> <span class='ocrx_word' id='word_1_270' title='bbox 1392 3737 1421 3804; x_wconf 84' lang='lat' dir='ltr'>l.)</span> 
     </span>
     <span class='ocr_line' id='line_1_31' title="bbox 270 3825 1423 3895; baseline -0.001 -16"><span class='ocrx_word' id='word_1_271' title='bbox 270 3842 346 3880; x_wconf 86' lang='lat' dir='ltr'>exere</span> <span class='ocrx_word' id='word_1_272' title='bbox 365 3827 392 3882; x_wconf 89' lang='lat' dir='ltr'><em>R</em></span> <span class='ocrx_word' id='word_1_273' title='bbox 482 3828 499 3881; x_wconf 89' lang='lat'>8</span> <span class='ocrx_word' id='word_1_274' title='bbox 518 3832 638 3880; x_wconf 86' lang='lat' dir='ltr'>monstra</span> <span class='ocrx_word' id='word_1_275' title='bbox 658 3831 747 3881; x_wconf 86' lang='lat' dir='ltr'>cetera</span> <span class='ocrx_word' id='word_1_276' title='bbox 765 3831 815 3881; x_wconf 89' lang='lat' dir='ltr'>ret.</span> <span class='ocrx_word' id='word_1_277' title='bbox 835 3844 851 3881; x_wconf 88' lang='lat' dir='ltr'>c</span> <span class='ocrx_word' id='word_1_278' title='bbox 869 3831 1018 3882; x_wconf 85' lang='lat' dir='ltr'>monstrare</span> <span class='ocrx_word' id='word_1_279' title='bbox 1036 3831 1127 3880; x_wconf 85' lang='lat' dir='ltr'>texere</span> <span class='ocrx_word' id='word_1_280' title='bbox 1150 3825 1173 3879; x_wconf 85' lang='lat'><strong><em>0</em></strong></span> <span class='ocrx_word' id='word_1_281' title='bbox 1271 3825 1378 3895; x_wconf 76' lang='lat' dir='ltr'>singule</span> <span class='ocrx_word' id='word_1_282' title='bbox 1400 3825 1423 3878; x_wconf 82' lang='lat'><em>0</em></span> 
     </span>
     <span class='ocr_line' id='line_1_32' title="bbox 271 3912 1423 3985; baseline -0.002 -17"><span class='ocrx_word' id='word_1_283' title='bbox 271 3919 299 3968; x_wconf 91' lang='lat' dir='ltr'>et</span> <span class='ocrx_word' id='word_1_284' title='bbox 320 3916 427 3985; x_wconf 90' lang='lat' dir='ltr'>proprie</span> <span class='ocrx_word' id='word_1_285' title='bbox 450 3916 612 3970; x_wconf 82' lang='lat' dir='ltr'>festinitntis</span> <span class='ocrx_word' id='word_1_286' title='bbox 636 3934 652 3971; x_wconf 87' lang='lat' dir='ltr'>o</span> <span class='ocrx_word' id='word_1_287' title='bbox 774 3923 802 3970; x_wconf 86' lang='lat' dir='ltr'>ot</span> <span class='ocrx_word' id='word_1_288' title='bbox 824 3917 991 3970; x_wconf 86' lang='lat' dir='ltr'>iestiuitates</span> <span class='ocrx_word' id='word_1_289' title='bbox 1020 3915 1133 3983; x_wconf 85' lang='lat' dir='ltr'>V‚Ra.c.</span> <span class='ocrx_word' id='word_1_290' title='bbox 1160 3918 1188 3969; x_wconf 87' lang='lat' dir='ltr'>et</span> <span class='ocrx_word' id='word_1_291' title='bbox 1209 3913 1372 3968; x_wconf 83' lang='lat' dir='ltr'>festiuitatis</span> <span class='ocrx_word' id='word_1_292' title='bbox 1400 3912 1423 3966; x_wconf 84' lang='lat'><em>0</em></span> 
     </span>
     <span class='ocr_line' id='line_1_33' title="bbox 270 4003 1480 4075; baseline -0.002 -18"><span class='ocrx_word' id='word_1_293' title='bbox 270 4003 373 4058; x_wconf 87' lang='lat' dir='ltr'>decoris</span> <span class='ocrx_word' id='word_1_294' title='bbox 392 4005 419 4059; x_wconf 85' lang='lat' dir='ltr'><em>R</em></span> <span class='ocrx_word' id='word_1_295' title='bbox 502 4006 535 4060; x_wconf 88' lang='grc'>10</span> <span class='ocrx_word' id='word_1_296' title='bbox 554 4006 676 4074; x_wconf 88' lang='lat' dir='ltr'>soporari</span> <span class='ocrx_word' id='word_1_297' title='bbox 698 4004 797 4073; x_wconf 68' lang='lat' dir='ltr'>Opem</span> <span class='ocrx_word' id='word_1_298' title='bbox 887 4009 1050 4075; x_wconf 80' lang='lat' dir='ltr'>mariumque</span> <span class='ocrx_word' id='word_1_299' title='bbox 1071 4004 1144 4060; x_wconf 75' lang='lat' dir='ltr'>Ome.</span> <span class='ocrx_word' id='word_1_300' title='bbox 1225 4004 1257 4056; x_wconf 87' lang='lat'>15</span> <span class='ocrx_word' id='word_1_301' title='bbox 1276 4004 1305 4066; x_wconf 86' lang='lat' dir='ltr'>in</span> <span class='ocrx_word' id='word_1_302' title='bbox 1324 4003 1378 4056; x_wconf 83' lang='lat' dir='ltr'>elia</span> <span class='ocrx_word' id='word_1_303' title='bbox 1396 4005 1421 4068; x_wconf 89' lang='lat' dir='ltr'>(t</span> <span class='ocrx_word' id='word_1_304' title='bbox 1478 4022 1480 4026; x_wconf 94' lang='lat'>·</span> 
     </span>
     <span class='ocr_line' id='line_1_34' title="bbox 268 4090 1421 4162; baseline -0.003 -15"><span class='ocrx_word' id='word_1_305' title='bbox 268 4109 289 4147; x_wconf 81' lang='lat' dir='ltr'>a.</span> <span class='ocrx_word' id='word_1_306' title='bbox 309 4093 348 4162; x_wconf 85' lang='lat' dir='ltr'>in)</span> <span class='ocrx_word' id='word_1_307' title='bbox 366 4093 393 4148; x_wconf 88' lang='lat' dir='ltr'><em>R</em></span> <span class='ocrx_word' id='word_1_308' title='bbox 412 4094 466 4148; x_wconf 87' lang='lat' dir='ltr'>alia</span> <span class='ocrx_word' id='word_1_309' title='bbox 487 4093 560 4150; x_wconf 76' lang='lat' dir='ltr'>Ouo.</span> <span class='ocrx_word' id='word_1_310' title='bbox 632 4097 724 4147; x_wconf 87' lang='lat' dir='ltr'>uestra</span> <span class='ocrx_word' id='word_1_311' title='bbox 743 4110 794 4148; x_wconf 75' lang='lat' dir='ltr'>nm.</span> <span class='ocrx_word' id='word_1_312' title='bbox 810 4092 847 4148; x_wconf 77' lang='lat' dir='ltr'>Oc</span> <span class='ocrx_word' id='word_1_313' title='bbox 905 4095 936 4148; x_wconf 86' lang='lat'>18</span> <span class='ocrx_word' id='word_1_314' title='bbox 955 4095 1011 4147; x_wconf 87' lang='lat' dir='ltr'>illis</span> <span class='ocrx_word' id='word_1_315' title='bbox 1029 4097 1136 4148; x_wconf 84' lang='lat' dir='ltr'>tuntum</span> <span class='ocrx_word' id='word_1_316' title='bbox 1155 4093 1192 4148; x_wconf 84' lang='lat' dir='ltr'>Co</span> <span class='ocrx_word' id='word_1_317' title='bbox 1263 4090 1421 4146; x_wconf 86' lang='lat' dir='ltr'>honoresO</span> 
     </span>
     <span class='ocr_line' id='line_1_35' title="bbox 271 4179 1424 4252; baseline -0.005 -14"><span class='ocrx_word' id='word_1_318' title='bbox 271 4183 304 4238; x_wconf 86' lang='grc'>19</span> <span class='ocrx_word' id='word_1_319' title='bbox 322 4183 462 4240; x_wconf 77' lang='lat' dir='ltr'>iniuridR</span> <span class='ocrx_word' id='word_1_320' title='bbox 548 4184 581 4237; x_wconf 84' lang='lat'>21</span> <span class='ocrx_word' id='word_1_321' title='bbox 602 4183 664 4237; x_wconf 89' lang='lat' dir='ltr'>uilis</span> <span class='ocrx_word' id='word_1_322' title='bbox 687 4183 762 4238; x_wconf 78' lang='lat' dir='ltr'>Ome.</span> <span class='ocrx_word' id='word_1_323' title='bbox 844 4185 878 4238; x_wconf 84' lang='lat'>22</span> <span class='ocrx_word' id='word_1_324' title='bbox 897 4184 1104 4238; x_wconf 86' lang='lat' dir='ltr'>includanturo</span> <span class='ocrx_word' id='word_1_325' title='bbox 1177 4182 1322 4252; x_wconf 86' lang='lat' dir='ltr'>gentilium</span> <span class='ocrx_word' id='word_1_326' title='bbox 1344 4179 1424 4234; x_wconf 86' lang='lat' dir='ltr'>OOV</span> 
     </span>
     <span class='ocr_line' id='line_1_36' title="bbox 269 4269 1420 4343; baseline -0.002 -17"><span class='ocrx_word' id='word_1_327' title='bbox 269 4271 480 4341; x_wconf 84' lang='lat' dir='ltr'>dedeceptione</span> <span class='ocrx_word' id='word_1_328' title='bbox 499 4271 644 4326; x_wconf 89' lang='lat' dir='ltr'>demonum</span> <span class='ocrx_word' id='word_1_329' title='bbox 665 4271 773 4341; x_wconf 86' lang='lat' dir='ltr'>decepti</span> <span class='ocrx_word' id='word_1_330' title='bbox 791 4271 899 4326; x_wconf 84' lang='lat' dir='ltr'>fallacia</span> <span class='ocrx_word' id='word_1_331' title='bbox 918 4272 1062 4343; x_wconf 75' lang='lat' dir='ltr'>demonum</span> <span class='ocrx_word' id='word_1_332' title='bbox 1085 4272 1108 4326; x_wconf 83' lang='lat'><em>0</em></span> <span class='ocrx_word' id='word_1_333' title='bbox 1183 4271 1290 4325; x_wconf 86' lang='lat' dir='ltr'>fallacie</span> <span class='ocrx_word' id='word_1_334' title='bbox 1310 4269 1336 4339; x_wconf 81' lang='lat' dir='ltr'>(a</span> <span class='ocrx_word' id='word_1_335' title='bbox 1355 4285 1376 4323; x_wconf 79' lang='lat' dir='ltr'>a.</span> <span class='ocrx_word' id='word_1_336' title='bbox 1397 4272 1420 4332; x_wconf 84' lang='lat' dir='ltr'>e)</span> 
     </span>
     <span class='ocr_line' id='line_1_37' title="bbox 272 4359 497 4415; baseline -0.004 0"><span class='ocrx_word' id='word_1_337' title='bbox 272 4361 295 4415; x_wconf 88' lang='lat'><em>0</em></span> <span class='ocrx_word' id='word_1_338' title='bbox 368 4359 400 4412; x_wconf 85' lang='lat' dir='ltr'>ab</span> <span class='ocrx_word' id='word_1_339' title='bbox 419 4361 497 4414; x_wconf 83' lang='lat' dir='ltr'>hiso</span> 
     </span>
    </p>
   </div>
   <div class='ocr_carea' id='block_1_6' title="bbox 1345 4462 1377 4517">
    <p class='ocr_par' dir='ltr' id='par_1_11' title="bbox 1345 4462 1377 4517">
     <span class='ocr_line' id='line_1_38' title="bbox 1345 4462 1377 4517; baseline 0 -25"><span class='ocrx_word' id='word_1_340' title='bbox 1345 4462 1377 4517; x_wconf 77' lang='lat' dir='ltr'>e*</span> 
     </span>
    </p>
   </div>
   <div class='ocr_carea' id='block_1_7' title="bbox 0 0 1602 4982">
    <p class='ocr_par' dir='ltr' id='par_1_12' title="bbox 0 0 1602 4982">
     <span class='ocr_line' id='line_1_39' title="bbox 0 0 1602 4982; baseline 0 0"><span class='ocrx_word' id='word_1_341' title='bbox 0 0 1602 4982; x_wconf 95' lang='lat' dir='ltr'> </span> 
     </span>
    </p>
   </div>
  </div>
 </body>
</html>
