3258 4980
206 465 272 530 276
540 463 656 518 Rufini
674 463 721 518 IX.
741 463 786 518 De
806 461 961 518 Arrianis
982 466 1024 521 10.

205 659 380 734 uanitatem
408 657 591 724 ridiculosis
618 658 737 724 fabulis
765 660 891 742 plenam
917 679 1024 725 eorum
1050 659 1103 744 qui
1130 661 1353 728 multitudines

205 765 357 832 adserunt
366 765 507 842 deomm
519 766 573 849 qui
584 765 1075 846 sacrificiasimulacrisofferunt,
1087 767 1352 850 quidaemonibus

204 871 298 936 malis
318 875 351 936 et
369 871 461 938 bonis
479 871 589 936 libant.
605 891 791 938 moneamur
805 871 976 938 aduersum
991 893 1045 939 eos
1060 875 1115 956 qui
1130 873 1353 954 diuinationes,

205 979 260 1062 qui
292 979 445 1062 auspicia,
479 980 534 1061 qui
566 978 800 1063 augurationes,
834 981 889 1062 qni
920 979 1136 1046 inuocationes
1165 982 1353 1048 daemonum

205 1090 371 1168 ceteraque
394 1086 512 1150 similia
534 1089 681 1168 portenta
699 1087 862 1151 mirantur.
887 1085 1080 1152 desudemus
1099 1086 1268 1154 aduersum
1288 1109 1353 1168 eos,
1384 1109 1398 1150 a

205 1193 259 1275 qni
278 1193 362 1257 nitas
382 1210 456 1257 suas
475 1196 632 1258 astrorum
647 1191 789 1257 motibus
803 1192 856 1257 uel
871 1194 1018 1259 cursibus
1033 1198 1175 1276 pensant,
1194 1197 1354 1278 quisnam

203 1300 438 1384 neglegentiam
461 1303 557 1381 atque
580 1298 736 1364 desidiam
758 1300 825 1364 fato
849 1303 881 1364 et
904 1300 998 1364 astris
1023 1299 1176 1384 deputant
1200 1305 1232 1368 et
1249 1303 1354 1369 incon-

204 1406 447 1490 prehensibilem
463 1405 588 1470 diuinae
602 1404 819 1488 prouidentiae
835 1405 1101 1490 dispensationem
1116 1409 1261 1474 fortunae
1275 1411 1355 1474 casi-

158 1519 176 1570 4
203 1514 264 1578 bus
289 1529 411 1590 caecae,
440 1515 477 1576 ut
505 1512 603 1590 aiunt,
632 1516 664 1577 et
691 1512 831 1577 ludentis
860 1512 1054 1579 adscribunt.
1084 1514 1199 1596 quodsi
1225 1515 1355 1600 indigna

204 1621 262 1685 tibi
276 1621 354 1684 haec
367 1620 518 1685 uidentur
529 1622 561 1684 et
574 1639 682 1702 parua,
693 1619 862 1685 aduersum
874 1640 953 1702 quae
963 1620 1217 1712 disputationum
1225 1626 1352 1688 tnamm
1375 1642 1401 1685 ro

203 1729 269 1792 tela
296 1731 505 1809 contorqueas
534 1726 626 1792 uelut
649 1745 667 1790 a
690 1728 801 1793 multis
831 1745 924 1810 saepe
952 1728 1098 1793 conuictu
1120 1731 1153 1793 et
1174 1729 1355 1814 frequenter

206 1834 294 1910 elisa,
324 1836 356 1898 et
381 1834 473 1898 iuuat
500 1834 603 1918 magis
626 1834 659 1898 in
681 1834 798 1898 nostris
824 1835 1013 1918 obpropriis
1037 1835 1182 1912 exerceri,
1212 1856 1270 1920 ego
1293 1837 1353 1900 tibi

205 1943 301 2006 otiam
319 1942 351 2005 in
369 1941 420 2006 his
439 1944 566 2022 apertos
579 1941 771 2025 praeparabo
787 1942 995 2006 certaminum
1010 1961 1150 2026 campos.
1170 1943 1299 2027 disputa
1314 1943 1353 2008 de

203 2047 321 2112 mundo
344 2047 398 2112 uel
420 2047 559 2126 mundis,
584 2047 622 2112 de
646 2048 788 2126 materia,
812 2047 942 2130 disputa
965 2047 1003 2113 de
1027 2049 1140 2129 anima,
1165 2049 1203 2114 de
1220 2050 1354 2116 rationa-

202 2153 464 2231 bilibusnaturis,
479 2154 517 2218 de
527 2155 766 2220 resurrectionis
776 2154 887 2240 gloria,
899 2155 938 2220 de
947 2155 1077 2234 iudicio,
1088 2155 1126 2221 de
1135 2157 1352 2235 retributione,
1372 2176 1399 2218 aa

158 2267 175 2317 5
204 2262 242 2326 de
269 2260 473 2343 passionibus
498 2262 625 2327 Christi.
655 2261 693 2325 de
719 2261 770 2326 his
799 2263 915 2326 etenim
939 2265 972 2326 et
994 2263 1244 2346 conprehendere
1268 2264 1353 2346 quod

203 2387 316 2432 uerum
344 2369 394 2431 est
420 2367 533 2432 inutile
556 2387 617 2433 non
642 2367 702 2431 erit
725 2372 757 2431 et
780 2387 881 2432 errare
904 2369 936 2432 in
961 2369 1067 2451 aliquo
1090 2369 1268 2452 periculum
1291 2388 1351 2433 non

203 2474 337 2539 habeta
355 2473 422 2538 deo.
442 2477 475 2538 et
492 2474 523 2538 in
542 2475 601 2539 hoc
621 2474 814 2558 accipiemus
833 2477 966 2558 gratiam
982 2493 1065 2539 nunc
1080 2475 1206 2556 quidem
1222 2495 1352 2558 paruam

202 2600 257 2664 pro
277 2580 411 2658 uiribus,
430 2580 635 2662 postmodum
655 2600 730 2645 uero
746 2581 842 2644 etiam
857 2581 1076 2664 perfectiorem
1090 2581 1121 2645 in
1137 2580 1263 2647 Christo
1277 2582 1351 2646 Iesu

203 2689 329 2754 domino
349 2691 468 2766 nostro,
488 2688 540 2752 cui
560 2693 609 2752 est
629 2688 729 2772 gloria
748 2694 780 2752 et
793 2692 936 2770 potestas
951 2689 982 2752 in
998 2690 1126 2753 saecula
1141 2688 1351 2753 saeculorum.
1370 2712 1398 2755 ao

203 2814 303 2858 amen.

238 3003 444 3056 isimuiacbris
468 3003 494 3054 V
545 3004 610 3055 3et
628 3003 705 3055 bonis
724 3018 775 3056 om.
799 3002 825 3055 V
876 3001 1055 3056 4demonum
1078 3002 1128 3056 00
1180 3003 1257 3057 5his
1277 3005 1350 3057 simi-

204 3093 241 3145 lia
264 3091 290 3143 V
342 3091 619 3160 incgligentiamO
677 3091 764 3160 adque
784 3091 946 3146 desideriam
964 3091 1082 3146 faetet)
1150 3097 1281 3162 reputant
1303 3092 1354 3146 00

204 3182 331 3250 9cecatp
355 3180 381 3234 V
433 3178 559 3232 ludentes
584 3179 610 3232 V
667 3179 784 3248 quodC'
837 3181 870 3234 10
889 3180 998 3234 uidetur
1020 3179 1070 3234 00
1123 3183 1156 3234 12
1176 3185 1205 3234 et
1223 3181 1355 3252 excpriC

204 3269 237 3322 13
258 3269 290 3321 de
304 3267 404 3321 mundo
424 3268 468 3321 uel
482 3268 590 3321 mundis
606 3268 674 3337 (arpi
691 3267 790 3338 κόσμου
804 3267 821 3339 ἢ
838 3267 954 3340 κόσμων)
969 3271 1004 3336 cf.
1019 3285 1050 3336 p.
1067 3271 1176 3338 30,14]
1197 3268 1229 3323 de
1244 3270 1352 3323 mundis

206 3355 281 3409 Vde
300 3354 399 3408 mundo
420 3356 441 3420 (i
459 3374 481 3410 a.
501 3361 527 3422 o)
545 3357 568 3410 0
587 3357 620 3410 de
638 3356 733 3410 mundi
754 3356 792 3410 Co
830 3358 863 3410 14
881 3373 922 3424 pr.
944 3355 977 3410 de
995 3373 1046 3410 om.
1065 3356 1129 3410 0ου
1182 3373 1242 3413 aroc.
1263 3359 1352 3412 anima

198 3447 251 3515 fin.
276 3445 303 3498 V
337 3447 370 3498 15
389 3445 476 3518 glorie
497 3446 520 3499 0
536 3446 686 3516 giorian
723 3447 756 3500 16
777 3446 882 3500 enimc
924 3447 955 3499 17
977 3446 1045 3500 alico
1067 3445 1117 3500 00
1152 3446 1186 3500 18
1204 3446 1318 3500 habebit
1335 3463 1353 3500 c

203 3535 366 3604 accipiemus
385 3534 593 3605 (ioreofidpatiass
613 3535 777 3604 accipientes
795 3535 819 3589 0
837 3535 1001 3605 accipienter
1017 3534 1040 3588 0
1057 3537 1201 3604 accipiato
1239 3536 1272 3588 19
1290 3552 1352 3604 per-

203 3625 343 3678 fectiorem
363 3622 552 3693 (catadrapoffl
572 3623 766 3693 perfectionem
788 3623 851 3677 0ου
937 3625 968 3676 21
990 3625 1079 3692 amen]
1099 3623 1164 3676 add.
1183 3623 1353 3678 EXPLICIT

204 3713 346 3769 CONTRA
369 3712 551 3768 ARRIANOS
573 3713 597 3768 0
617 3713 736 3781 Explicit
758 3711 836 3766 liber.
855 3715 886 3766 B.
906 3711 1031 3781 Gregorii
1053 3710 1207 3768 Naaanzeni
1231 3713 1352 3782 episcopi

203 3801 353 3856 translatus
372 3819 388 3854 a
407 3801 497 3870 quoda
515 3801 612 3854 Rufino
631 3818 647 3855 o
