3204 4996
588 1057 1104 1242 rauracorum.

837 1361 861 1425 Ι.

319 1501 355 1572 (1.
383 1479 420 1564 [le
451 1500 685 1570 interpretationis
709 1499 868 1554 Rufinianac
897 1500 970 1570 apud
997 1505 1103 1556 ueteres
1132 1501 1275 1570 scriptores
1304 1503 1421 1556 auctori-

273 1592 341 1642 tate.
352 1619 386 1630 ·-
397 1588 423 1646 2.
433 1587 474 1641 De
483 1604 595 1642 numero
604 1587 783 1643 orationum'a
793 1587 888 1642 Rufino
897 1589 1090 1644 translatarum
1101 1588 1172 1643 etde
1182 1591 1303 1644 mactatu
1311 1589 1355 1644 Dc
1362 1589 1421 1657 fide

273 1693 306 1729 ex
324 1676 375 1730 hae
394 1677 546 1732 orationum
566 1675 727 1730 collectione
745 1676 916 1731 remanendo.
936 1707 969 1717 —
984 1677 1009 1732 3.
1030 1677 1143 1744 Quando
1157 1677 1271 1732 Rufinus
1286 1679 1421 1731 orationes

265 1763 399 1834 'Gregorii
413 1766 607 1834 interpretatus
627 1765 671 1818 sit.
691 1795 725 1806 -
743 1767 769 1820 4.
788 1765 830 1819 De
843 1768 942 1820 natura
954 1768 1035 1836 atque
1053 1765 1146 1820 indole
1164 1766 1419 1836 interpretationis).

318 1961 348 2024 1.
372 1958 507 2028 Plurimi
530 1960 729 2024 aestimatam
753 1979 823 2024 esse
847 1960 885 2024 ab
910 1960 1095 2043 aequalibus
1113 1960 1220 2025 Rufini
1237 1961 1420 2044 interpreta-

272 2067 391 2130 tionem
408 2066 587 2134 oratiouum
608 2066 871 2148 Gregorianerurn
895 2067 991 2131 etiarn
1015 2086 1031 2131 e
1055 2067 1163 2132 uerbis
1186 2068 1420 2151 cognoscimus,

273 2191 355 2254 quae
368 2171 593 2256 Hieronymus,
609 2173 832 2238 acerbissimus
847 2173 952 2238 Rufini
972 2172 1182 2250 aduersarius,
1201 2173 1233 2237 iu
1248 2174 1421 2258 Apologiae

274 2278 427 2344 aduersus
451 2279 551 2350 libros
573 2279 679 2343 Rufini
701 2279 783 2344 libro
807 2280 823 2343 Ι
846 2281 889 2344 30
908 2277 1029 2366 (XXIII
1048 2281 1113 2344 442
1131 2278 1180 2365 M)
1200 2279 1329 2362 scripsit
1348 2299 1420 2345 oum

273 2385 427 2468 scriptore
451 2384 578 2468 quidem
603 2386 766 2463 cauillans,
789 2386 845 2450 sed
869 2386 986 2468 scripta
1004 2387 1075 2468 ipsa
1092 2388 1204 2452 uolens
1223 2405 1279 2451 seu
1298 2387 1420 2450 inuitus

273 2491 472 2572 eloquentiae
495 2490 646 2558 laudibus
671 2510 834 2557 exornans:
862 2512 903 2555 eu
925 2497 969 2573 tu,
999 2494 1111 2573 qui'tu
1133 2512 1181 2556 mc
1197 2512 1340 2573 porrcuuc
1363 2491 1421 2554 cri-

271 2598 411 2661 ruc'uurr’e
436 2599 599 2661 seleutiam
626 2601 654 2660 et
680 2597 800 2662 uideris
827 2597 885 2661 tibi
911 2597 1104 2662 litteratulus
1132 2604 1223 2678 atque
1245 2597 1345 2676 rabbi,
1374 2616 1420 2658 re-

272 2708 398 2781 sponde,
428 2721 483 2766 cur
510 2701 644 2767 scribere
671 2701 782 2783 aliquo
809 2723 907 2766 ausus
934 2705 979 2767 su's
1007 2707 1035 2766 et
1062 2704 1187 2767 uc'ruuu
1214 2702 1421 2766 disertissi-

271 2829 366 2872 mum
402 2805 628 2890 Greporu'uuc
659 2810 750 2891 puri
788 2808 928 2889 eloquii
959 2808 1161 2892 spleudore
1194 2807 1434 2888 trousferre,

272 2914 356 2980 uude
383 2914 441 2978 llbl
468 2920 559 2979 touta
585 2916 750 2979 uerborum
774 2918 875 2998 copia,
898 2917 1127 2980 sententiarum
1150 2915 1262 2991 lumea,
1284 2914 1423 2978 truuslu-

270 3023 392 3086 tiouuuc
420 3023 569 3098 uarietas,
596 3021 725 3102 lcorua'uc',
753 3025 807 3102 qut
835 3022 1007 3086 oratorium
1033 3022 1092 3085 utu
1113 3020 1232 3102 priuis
1260 3019 1359 3086 lubrie
1386 3022 1421 3083 tu

270 3127 481 3192 cduusceuuc
503 3127 692 3210 depuatustt?
716 3133 772 3192 uut
794 3148 848 3210 epo
870 3128 967 3208 fallor
990 3131 1045 3191 cut
1068 3132 1107 3190 tu
1135 3127 1347 3193 Ciceronem
1370 3147 1420 3190 oc-

271 3235 366 3300 culte
393 3234 551 3302 lectu'toa
580 3239 609 3298 et
631 3237 702 3299 ideo
729 3239 794 3299 tum
816 3235 954 3300 disertus
977 3233 1168 3315 remittique
1191 3234 1331 3298 lecticula
1354 3236 1422 3299 etue

270 3345 391 3407 orimur
421 3342 570 3422 luteuclr's,
603 3347 637 3405 ut
667 3342 753 3407 solus
784 3343 869 3406 tuter
899 3342 1119 3406 ecclesiasticos
1149 3346 1331 3406 tractatores
1363 3340 1421 3404 el·

271 3450 416 3530 queutc'ue
438 3447 568 3529 flumine
587 3448 743 3530 plecteris.
773 3450 872 3514 etiam
895 3447 1077 3514 Gennadius
1100 3449 1132 3512 in
1155 3447 1236 3512 libro
1260 3447 1299 3511 de
1323 3447 1421 3530 serip-

271 3555 395 3620 toribus
420 3554 648 3619 ecelesiasticis
668 3575 695 3619 c.
717 3557 756 3618 17
777 3553 927 3619 Rufinum
950 3555 986 3618 iu
1004 3552 1221 3634 transferendo
1241 3553 1278 3616 de
1300 3551 1421 3616 &aare

272 3663 307 3724 c'u
325 3659 479 3726 Lutc'uuuc
500 3661 624 3744 euplus
646 3661 806 3743 iupeulucu
829 3661 979 3726 habuisse
1004 3680 1061 3725 suo
1080 3661 1148 3724 iure
1168 3657 1255 3724 dicit.
1280 3658 1422 3724 Rufini

272 3772 378 3833 autern
399 3771 535 3833 aetate
550 3769 920 3851 quotienscumque
936 3767 1164 3854 scriptores
1180 3765 1317 3831 Latini
1332 3763 1421 3830 Gre-

272 3875 379 3958 gorii
399 3875 606 3940 orationes
626 3874 807 3951 laudant,
831 3873 1179 3957 interpretatione
1198 3871 1422 3936 Rufiniana

271 3984 443 4046 utuntur·
465 3999 536 4046 uec
559 3980 818 4064 temporibus
837 3980 985 4046 Rufino
1010 3978 1317 4061 posterioribus
1341 3997 1421 4041 rem

270 4087 395 4153 aliter
419 4107 465 4152 se.
483 4088 631 4152 habere
654 4107 722 4169 pro
748 4091 858 4153 certo
884 4087 1087 4152 affirmari
1110 4088 1258 4168 polest.

314 4195 421 4278 Atque
436 4193 617 4276 interpretis
633 4194 758 4280 nomine
773 4194 892 4259 omisso
909 4191 963 4276 (cf.
973 4194 1054 4258 inira
1064 4214 1095 4276 p.
1105 4192 1194 4274 XIX)
1208 4190 1306 4256 uerba
1315 4189 1422 4254 Rufini

270 4302 453 4381 afferuntur,
487 4305 524 4365 ut
555 4319 656 4383 pauca
688 4301 831 4383 exempla
862 4319 986 4384 ponam,
1020 4301 1059 4366 ab
1091 4297 1333 4382 Augustino,
1367 4297 1422 4379 qui

269 4409 369 4473 semel
393 4407 420 4474 si
444 4426 505 4471 non
532 4406 749 4490 interpret-em,
774 4410 913 4472 attamen
940 4405 1232 4488 interpretationem
1259 4402 1422 4468 collaudat
