3228 4978
263 379 328 444 210
781 374 897 428 Rufini

264 575 323 649 est,
347 571 449 636 multo
472 570 577 654 magis
600 568 751 652 loquendi
775 587 812 634 ac
835 567 949 634 silendi
976 571 1103 651 tempus
1133 570 1191 644 est,
1217 567 1308 633 cuius
1331 570 1411 632 tem-

262 678 347 760 poris
371 697 428 742 nos
452 694 652 759 nequaquam
677 675 772 740 latuit
794 675 987 740 intellectus.

306 787 336 851 2.
373 785 545 868 Propterea
583 802 656 866 ergo
695 782 841 848 obmutui
879 785 911 846 et
942 780 1131 846 humiliatus
1165 800 1236 844 snm
1270 783 1303 845 et
1335 780 1411 844 silui

262 893 300 956 ab
325 892 410 956 omni
433 892 514 956 bono
539 892 572 954 et
594 891 685 954 uelut
708 889 808 954 nubes
834 887 990 970 quaedam
1014 889 1214 970 superposita
1233 885 1320 952 cordi
1338 905 1410 950 meo

262 999 365 1064 radios
386 996 539 1062 sermonis
559 996 681 1061 obtexit
700 997 732 1060 et
750 994 838 1060 dolor
856 1013 947 1060 meus
966 994 1178 1059 reuocabatur
1191 994 1242 1057 die
1257 1012 1293 1057 ac
1307 997 1410 1058 nocte.
1444 1015 1458 1056 e

262 1109 333 1172 aute
362 1104 472 1169 oculos
500 1103 582 1168 euim
612 1101 807 1168 adducebam
836 1101 1063 1166 dissensionem
1093 1119 1129 1165 ac
1158 1099 1327 1164 discidium
1351 1100 1424 1163 irae

260 1215 345 1277 trum
370 1213 403 1276 et
424 1213 530 1275 mente
554 1213 650 1292 atque
674 1209 777 1274 animo
802 1207 1018 1282 tabescebamr
1043 1208 1251 1272 consumebar
1273 1207 1305 1270 iu
1330 1207 1411 1290 uigi-

260 1319 313 1384 liis
343 1319 374 1382 in
401 1317 527 1381 ieiuniis
555 1316 588 1380 in
612 1316 808 1381 orationibus
831 1315 863 1378 in
887 1315 1035 1380 lacrimis.
1064 1314 1164 1378 callus
1186 1313 1250 1377 iam
1274 1313 1411 1397 genibus

260 1427 370 1503 inerat,
390 1423 572 1508 indigebam
592 1423 722 1487 uerbera
741 1422 862 1505 pectori
882 1425 914 1486 et
928 1420 1066 1506 gemitus
1082 1421 1120 1485 de
1135 1420 1289 1506 profundo
1307 1421 1411 1485 cordis

260 1552 296 1598 ac
315 1532 353 1597 de
373 1531 494 1596 arcanis
514 1530 691 1594 uisceribus
710 1530 806 1614 longa
825 1530 962 1614 suspiria
981 1529 1202 1614 protrahebam
1223 1529 1411 1613 peruigiles-
1430 1547 1457 1589 ro

215 1655 232 1706 2
259 1659 320 1723 que
342 1642 452 1703 noctes
472 1637 702 1722 cogitationum
722 1637 877 1701 seditione
897 1637 1061 1701 ducebam.
1085 1655 1143 1700 nec
1162 1635 1258 1700 solito
1278 1635 1340 1699 sibi
1359 1636 1408 1699 iti-

260 1765 332 1810 nere
355 1763 445 1809 mens
468 1744 620 1830 pergebat
643 1743 682 1808 ad
702 1743 806 1822 deum,
831 1743 907 1808 dum
927 1743 1125 1808 auuleionem
1146 1746 1178 1807 et
1196 1742 1410 1807 abscisionem

259 1852 391 1917 fratrum
423 1852 612 1916 lamentarer
644 1851 675 1914 iu
707 1851 811 1915 terris.
845 1849 1063 1914 desiderabam
1096 1850 1180 1913 enim
1213 1851 1246 1914 et
1277 1849 1410 1913 intentis

260 1979 297 2024 ac
333 1957 543 2042 pendentibus
582 1957 684 2022 oculis
720 1958 918 2040 requirebam
955 1956 1063 2021 uidere
1097 1957 1228 2039 cupiens
1262 1958 1409 2021 sanctum

258 2066 350 2130 illum
378 2065 582 2146 psallentium
612 2066 744 2129 chorum
772 2067 804 2128 et
831 2065 965 2147 gloriam
994 2064 1193 2128 offerentium
1221 2063 1279 2127 deo
1303 2063 1335 2127 in
1360 2083 1408 2128 ec·
1427 2081 1455 2122 1⁵

260 2171 367 2246 alesia,
397 2170 526 2253 cupieos
554 2170 694 2253 aspicere
721 2169 806 2248 illos,
835 2171 890 2252 qui
917 2171 949 2234 in
975 2171 1048 2254 lege
1073 2168 1191 2248 domini
1215 2170 1409 2234 meditantur

259 2277 309 2340 die
338 2295 374 2340 ao
402 2281 493 2340 nocte
522 2278 555 2340 ct
581 2276 787 2340 exaltationes
816 2275 868 2339 dei
896 2279 971 2340 sunt
994 2277 1026 2340 in
1050 2279 1180 2360 gutture
1205 2294 1325 2355 eornm,
1354 2277 1408 2358 qui

259 2383 298 2448 ad
326 2384 505 2466 exemplum
534 2387 566 2448 ct
593 2383 873 2448 commonitionem
897 2383 1037 2448 melioris
1062 2383 1147 2447 uitae
1171 2384 1285 2449 ceteris
1309 2384 1409 2448 omni-

258 2489 318 2553 bus
348 2489 464 2554 uiuunt
490 2489 572 2572 legis
600 2489 649 2554 dei
679 2500 774 2572 atque
803 2490 961 2574 euangelii
986 2489 1105 2555 Christi
1132 2489 1222 2555 taciti
1251 2490 1409 2572 praedica·

258 2598 354 2673 tores,
378 2594 409 2659 in
431 2596 547 2679 quibus
566 2596 636 2678 ipse
655 2614 781 2678 quoque
802 2596 931 2660 habitus
950 2597 1088 2677 praefert
1104 2596 1234 2661 uirtutis
1253 2597 1407 2681 insignia:
1427 2615 1454 2657 ao

214 2714 230 2766 3
258 2703 416 2768 hirsutum
451 2706 547 2786 caput
577 2702 749 2784 incomptis
778 2707 810 2767 et
836 2703 1037 2768 horrentibus
1066 2704 1165 2768 comis
1195 2707 1227 2768 et
1254 2708 1409 2786 quantum

347 2995 1192 3083 aommemnmramdmme

296 3211 308 3262 1
325 3225 372 3277 pr.
393 3209 444 3277 est]
465 3211 493 3262 et
512 3209 578 3262 add.
597 3210 624 3261 A
696 3209 794 3278 magis]
814 3212 842 3263 et
861 3209 926 3263 add.
949 3209 1041 3265 OAOo
1090 3211 1297 3281 lnequaquam
1316 3215 1409 3267 nosA

258 3297 609 3366 dobmntui(ms.b)0
661 3300 864 3353 4abomnis.
886 3299 951 3354 10
1019 3301 1264 3369 ‚bono(aer.)0
1326 3303 1409 3357 corde

257 3386 334 3441 Rrec.
391 3389 407 3440 5
426 3403 562 3440 sermones
580 3387 661 3442 Rae.
680 3404 817 3442 sermones
836 3389 857 3457 (i
874 3405 896 3442 a.
917 3389 942 3456 e)
964 3390 987 3443 0
1049 3390 1065 3442 6
1085 3389 1291 3460 dissensionem]
1312 3390 1409 3445 discis·

257 3475 360 3528 sionem
380 3473 408 3528 R
462 3475 636 3529 ltabescam
657 3475 729 3530 Coc.
798 3476 1095 3532 8etora1ionibusA
1168 3487 1196 3530 et
1214 3478 1334 3533 lacrimis
1357 3479 1410 3533 ΟΛ

258 3564 331 3616 etin
350 3562 503 3616 lacrimiso
558 3563 691 3632 biberat}
712 3563 856 3617 inherebat
877 3563 915 3618 Oe
988 3569 1098 3634 pectora
1117 3566 1138 3622 ti
1156 3583 1177 3622 a.
1198 3569 1226 3633 a)
1244 3566 1272 3621 R
1312 3567 1345 3620 10
1365 3585 1409 3622 ar·

257 3651 349 3704 chunis
370 3649 533 3720 OV‚Op.c.,e
552 3651 713 3706 archanonis
737 3652 762 3705 V
843 3654 975 3723 perlonga
992 3653 1020 3710 R
1102 3655 1132 3708 ll
1155 3655 1408 3726 cogitationumque

256 3737 417 3792 seditionem
437 3741 464 3793 A
536 3739 684 3794 seditione·
706 3740 796 3794 Osed
814 3743 876 3794 istis
895 3741 977 3796 neV
1052 3743 1110 3812 nee]
1129 3760 1184 3796 non
1202 3743 1230 3798 R
1301 3744 1409 3798 itenere

259 3825 332 3882 Oce.
389 3829 421 3881 12
442 3829 627 3883 aduulsionem
651 3829 724 3884 Ouo.
805 3831 947 3885 auulsiooe
966 3836 994 3886 et
1013 3831 1165 3886 abscisione
1179 3834 1257 3901 Ape.
1314 3834 1407 3888 1312-

256 3920 390 3972 mentaret
411 3917 461 3973 OA
485 3920 679 3973 lamentaretur
699 3919 738 3974 Ga
869 3922 902 3974 14
925 3921 1070 3989 pendentis
1092 3921 1165 3976 Coc.
1188 3922 1373 3978 renitentibus
1391 3941 1409 3976 o

258 4007 290 4059 15
310 4005 436 4076 gloriam]
456 4009 602 4077 gloriosam
622 4007 650 4062 R
723 4010 756 4064 16
775 4009 856 4080 plebe
876 4012 987 4079 cupieos
1005 4012 1125 4080 aspicere
1143 4011 1172 4066 R
1248 4012 1282 4065 17
1303 4013 1407 4066 exalta-

256 4095 344 4148 tiones
363 4093 499 4165 (ὑψώσεις)
519 4095 545 4149 V
557 4096 737 4168 exaltationes
755 4101 782 4165 (n
796 4115 818 4151 a.
834 4103 860 4169 a)
875 4097 903 4153 R
918 4099 1099 4153 exultationes
1115 4106 1160 4154 cei.
1176 4118 1193 4154 v
1247 4101 1293 4170 qui
1309 4101 1355 4169 ad]
1371 4101 1407 4154 ad

256 4183 307 4236 hoc
331 4183 357 4237 V
444 4186 477 4239 19
496 4185 697 4255 praedicatores
716 4190 756 4254 (to
774 4203 796 4242 a.
816 4188 845 4256 1.)
864 4188 892 4243 R
973 4189 1008 4242 20
1027 4189 1177 4256 uirtutibus
1197 4193 1226 4258 (n
1244 4205 1265 4244 s.
1285 4188 1359 4256 ihus)
1383 4192 1407 4244 0

256 4269 289 4322 21
310 4269 450 4340 hyrsutum
471 4272 556 4342 capud
576 4273 602 4325 A
