3228 4978
215 362 279 426 222
733 355 847 408 Rufini

216 554 290 618 daun
318 535 504 635 prophetam
535 550 669 616 bellator
697 550 842 627 efficitur,
872 569 945 615 oum
969 569 1003 614 se
1026 549 1144 614 uiderit
1165 569 1222 632 per
1242 550 1361 633 patien-

214 661 292 728 tiam
320 659 393 725 fidei
423 659 610 724 detrimenta
638 658 764 733 sentire,
797 658 852 741 qui
880 658 977 722 etiarn
1005 657 1062 721 deo
1090 656 1184 720 insert
1212 657 1362 722 damnum

216 786 273 832 suo
298 785 382 830 casu.
409 766 441 830 in
465 763 556 830 nobis
581 763 664 827 enirn
688 763 778 827 diues
802 766 852 827 est
876 762 965 841 deus,
989 763 1095 828 idest
1119 763 1146 826 si
1171 782 1279 827 omnes
1303 782 1363 828 nos

215 873 375 958 possessio
410 873 478 937 eius
512 870 686 936 efficiamur
718 890 773 954 per
804 869 908 934 fidem.
942 870 987 935 sic
1017 889 1091 954 ergo
1120 889 1177 936 nos
1206 871 1302 935 etiam
1331 871 1361 934 in

214 981 282 1064 ipsa
311 979 507 1045 dissensione
535 978 706 1042 habuimus
735 976 854 1059 aliquid
884 977 1021 1058 amplius
1046 977 1159 1042 ceteris
1183 981 1215 1043 et
1236 996 1362 1041 rursum
1395 995 1410 1038 o

214 1089 246 1153 in
275 1085 494 1152 coniunctione
522 1085 672 1161 nobilius,
705 1085 751 1148 ita
779 1086 816 1148 ut
842 1084 935 1148 facile
964 1085 1107 1166 possita
1135 1084 1239 1148 medio
1269 1084 1365 1167 culpa

171 1201 187 1252 2
213 1195 320 1271 iurari,
342 1213 422 1276 quae
442 1212 477 1258 ex
497 1196 631 1274 utroque
649 1192 749 1256 latere
767 1191 972 1255 laudabiliter
988 1192 1119 1274 tegitur.
1139 1192 1195 1256 sed
1215 1191 1365 1274 quoniam

214 1303 285 1383 ipsa
308 1320 364 1384 per
387 1319 421 1365 sc
446 1299 600 1364 uelocitas
624 1299 712 1379 pacis
737 1317 797 1362 non
821 1298 942 1362 suflicit
966 1298 1197 1376 adcumulem,
1222 1299 1316 1382 digna
1336 1297 1365 1360 ei

215 1408 422 1472 adhibeamus
446 1405 576 1470 auxilia:
601 1404 707 1488 ipsum
731 1404 930 1488 unigenitum
952 1404 1055 1468 filium
1080 1405 1140 1482 dei,
1164 1404 1269 1486 ipsum
1296 1405 1365 1468 eius

215 1517 349 1579 uerbum
386 1531 422 1576 ac
459 1511 648 1593 sapientiam
685 1512 870 1575 innodemus
908 1513 941 1574 et
975 1511 1122 1594 precibus
1156 1529 1191 1575 ac
1222 1511 1364 1574 lacrimis
1386 1531 1415 1573 ro

216 1621 411 1702 inploramus
436 1623 468 1684 et
491 1623 597 1683 mente
621 1637 657 1682 ac
676 1618 868 1701 cogitatione
887 1620 1051 1682 teneamus
1070 1617 1151 1682 illud
1170 1621 1242 1682 ante
1261 1618 1367 1682 omnia

217 1728 463 1800 considerantes,
485 1726 633 1808 quoniam
653 1725 732 1788 nihil
751 1729 816 1790 tam
836 1725 965 1801 bonum,
984 1725 1064 1788 nihil
1078 1728 1143 1789 tarn
1157 1725 1365 1806 praeclarum,

216 1835 295 1899 nihil
319 1839 383 1897 tam
408 1833 567 1898 excelsum
592 1851 685 1914 quam
711 1832 892 1896 substantia
915 1850 952 1895 ac
975 1835 1088 1896 natura
1112 1831 1173 1908 dei,
1198 1831 1261 1896 nisi
1284 1832 1366 1897 forte

217 1942 288 2026 quis
300 1941 394 2005 etiam
407 1939 725 2021 supersubstantiam
738 1958 809 2002 eum
821 1938 1060 2022 uelitintellegi‚
1073 1939 1368 2020 quoniaminsemet

217 2049 286 2131 ipso
314 2048 409 2110 habet
437 2065 507 2111 esse
531 2045 614 2126 quod
639 2049 697 2119 cst,
727 2063 762 2108 ex
786 2064 848 2126 quo
873 2047 905 2109 et
928 2048 1049 2108 caterae
1073 2063 1181 2108 omnes
1205 2047 1367 2108 creaturae
1388 2066 1415 2106 ro

218 2153 357 2218 secundo
379 2152 451 2217 loco
476 2171 544 2216 esse
564 2152 754 2233 suscipiunt,
778 2170 996 2233 quaecumque
1014 2152 1088 2216 illae
1108 2169 1126 2214 a
1145 2151 1203 2215 deo
1222 2153 1276 2217 uel
1294 2155 1369 2234 post
1418 2235 1420 2239 Ι

219 2260 313 2324 deum
346 2259 465 2342 primae
499 2261 573 2323 sunt
601 2295 643 2304 —-
672 2258 832 2342 angelicas
866 2258 936 2323 dico
970 2259 1186 2340 caelestesque
1220 2259 1368 2332 uirtutes,

220 2385 299 2448 quae
332 2365 451 2448 primae
484 2365 695 2447 suscipientes
727 2363 926 2446 splendorem
953 2364 1037 2428 lucis
1065 2365 1133 2430 eius
1162 2368 1195 2429 et
1221 2365 1368 2429 ueritatis

219 2475 313 2553 atquc
337 2472 376 2535 ab
399 2471 469 2554 ipso
492 2472 680 2536 inlustratae
704 2472 800 2536 etiam
823 2471 911 2553 ipsae
934 2471 988 2535 iux
1011 2471 1193 2535 efficiuntur
1210 2471 1368 2553 perfectae

218 2578 301 2644 lucis
329 2578 473 2642 claritate
501 2579 660 2662 fulgentes
685 2601 741 2641 —-:
765 2579 796 2641 in
824 2577 880 2642 illa
907 2597 982 2660 ergo
1010 2577 1163 2642 ineffabili
1191 2583 1222 2642 et
1245 2581 1416 2642 excelsam

220 2685 270 2750 dei
302 2688 413 2749 natura
445 2685 525 2749 nihil
556 2691 621 2750 tam
654 2685 826 2769 proprium,
859 2684 938 2748 nibil
965 2689 1031 2748 tarn
1059 2685 1155 2748 lirum
1182 2685 1368 2768 intellegere

174 2800 191 2852 3
218 2811 391 2874 possumus
415 2812 511 2874 quam
533 2810 643 2874 pacem
668 2795 701 2856 et
724 2792 873 2872 quietem.
898 2811 999 2874 neque
1023 2791 1106 2856 enirn
1127 2792 1282 2856 dissensio
1301 2792 1369 2855 ulla

220 2898 251 2963 in
274 2906 387 2964 natura
409 2899 470 2978 dei,
498 2901 573 2982 quia
596 2918 653 2963 nec
677 2898 811 2963 dissolui
834 2917 928 2981 posse
952 2898 1116 2963 sentienda
1134 2913 1197 2976 ese,
1222 2898 1278 2963 sed
1300 2901 1368 2962 tan·

219 3009 290 3070 tum
317 3007 449 3072 unitatis
477 3012 509 3071 et
536 3006 721 3071 concordiae
745 3011 776 3070 et
798 3005 830 3068 in
856 3009 957 3070 semet
979 3005 1051 3087 ipsa
1073 3005 1188 3070 habere
1213 3009 1246 3070 et
1267 3005 1368 3088 inper-

219 3115 273 3180 tiri
296 3115 448 3178 creaturis
473 3114 586 3179 ceteris
605 3113 801 3178 aestimanda
821 3117 880 3191 est,
904 3119 941 3176 ut
959 3113 1054 3177 etiam
1074 3113 1134 3177 boc
1153 3115 1222 3195 ipso
1242 3112 1368 3178 nomine
1386 3134 1415 3178 so

220 3221 394 3303 nuncupari
424 3240 457 3286 se
486 3222 564 3286 deus
593 3220 761 3303 aliquando
789 3220 879 3297 uelit,
908 3220 942 3284 id
971 3223 1020 3284 est
1048 3220 1135 3301 pacis
1160 3223 1193 3284 et
1215 3218 1369 3284 caritatis.
1450 3277 1452 3281 .

221 3346 293 3390 nam
323 3332 354 3390 ct
381 3328 535 3391 Iohannes
564 3327 651 3402 dicit,
681 3327 755 3409 quia
784 3327 861 3390 deus
891 3326 1004 3390 caritas
1034 3331 1092 3404 est,
1122 3330 1154 3391 et
1181 3326 1301 3390 Paulus
1331 3324 1369 3389 de

222 3433 386 3517 unigenito
411 3432 498 3510 dicit,
523 3434 598 3516 quia
620 3437 810 3517 pernostra
833 3435 892 3497 est.

313 3625 326 3677 1
349 3623 381 3677 ci.
401 3623 502 3691 Ioe13‚
524 3624 554 3677 ll
611 3624 645 3677 27
666 3622 699 3676 ci.
718 3623 732 3675 Ι
749 3622 808 3676 Ioh.
827 3625 853 3691 4,
872 3623 897 3677 8.
918 3622 951 3677 16
1006 3622 1040 3676 28
1060 3621 1092 3676 of.
1112 3621 1182 3692 Eph.
1201 3623 1226 3688 2,
1248 3623 1281 3676 14

259 3730 359 3799 2quin
380 3729 673 3783 etiamdoiuierriA
782 3725 1102 3798 dampliusaiiquidA
1205 3729 1324 3782 deone
1344 3731 1371 3782 A

224 3818 399 3888 idetcgitur
419 3817 457 3873 Oo
514 3818 546 3872 10
566 3834 604 3886 pr.
624 3822 652 3871 et
670 3817 824 3872 lacrimiso
884 3818 917 3870 12
936 3820 1044 3870 tautum
1063 3815 1164 3870 bonum
1183 3817 1210 3869 A
1266 3817 1298 3870 13
1316 3817 1371 3870 nisi

224 3909 247 3962 si
269 3907 324 3962 OV
364 3910 397 3962 14
416 3907 598 3961 substantiam
617 3909 649 3974 (s.
668 3908 682 3960 l
700 3908 849 3972 sententia)
868 3905 897 3960 R
947 3906 1019 3973 cum]
1040 3911 1100 3958 mea
1118 3904 1146 3960 R
1196 3906 1272 3959 uelut
1290 3905 1371 3960 Rue.

226 3999 258 4050 15
278 3996 406 4051 omnisO
462 3997 813 4051 181ucisetuer.eiuso
861 3997 897 4050 20
915 3996 960 4064 lurp
978 3995 1148 4065 (risale
1202 3994 1325 4064 fulgente
1345 3999 1372 4048 A

225 4088 257 4140 21
278 4091 376 4140 ustura
394 4087 438 4142 dei
456 4104 473 4140 o
509 4085 544 4139 23
563 4084 611 4139 sed
630 4093 690 4140 tata
709 4087 842 4140 unitatem
862 4091 890 4140 et
910 4085 1086 4140 concordiae
1123 4085 1157 4138 24
1171 4100 1215 4152 pr.
1236 4085 1275 4152 et]
1296 4082 1331 4138 ad
1344 4084 1373 4137 R

226 4174 369 4228 concordie
387 4175 415 4229 R
433 4201 476 4226 11.
492 4175 649 4230 concordiae
672 4176 695 4230 0
775 4175 809 4228 26
828 4175 943 4230 uolitet
963 4175 1088 4228 ueritatis
1108 4177 1140 4238 (a.
1159 4173 1187 4226 id
1207 4178 1250 4226 est
1266 4173 1341 4242 pacis
1358 4173 1373 4225 1

227 4262 360 4328 caritatis)
380 4263 407 4314 A
462 4264 495 4316 27
515 4263 640 4316 iohannis
664 4263 773 4332 0,Ca.c.
846 4268 875 4318 et
893 4263 990 4334 paulus
1009 4263 1075 4317 dicit
1095 4262 1129 4316 de
1147 4265 1220 4331 unig.
1240 4278 1256 4314 u
