3214 4988
561 450 583 502 Ι.
602 449 845 519 Apologcticus
865 450 978 503 79-83.
1297 454 1338 516 63

86 650 88 654 “
192 645 224 704 et
255 642 437 708 mordemus
469 644 607 708 inuicem
640 663 675 708 ao
706 643 874 721 laniamus,
907 645 1032 710 scilicet
1063 649 1100 710 ut
1132 644 1169 709 ab
1202 645 1339 709 inuicem

192 764 425 814 consumamur.
1263 805 1265 810 ,

237 857 289 920 82.
315 855 376 920 Sed
399 858 544 922 fortassis
569 858 659 940 plebs
684 858 811 940 quidem
830 859 875 923 ita
895 862 953 935 ast,
978 859 1124 923 sacerdos
1144 877 1219 923 uero
1238 858 1337 924 aliter.

190 962 288 1026 immo
312 982 387 1027 uero
411 963 492 1028 illud
515 964 594 1028 mibi
617 983 699 1028 nunc
722 965 850 1029 uidetur
871 965 984 1047 inpleri
1013 964 1096 1046 quod
1125 965 1246 1028 dictum
1274 967 1337 1029 est:

157 1066 326 1133 efectus
352 1077 413 1133 est
437 1070 629 1136 sacerdos
657 1071 766 1136 sicut
794 1072 975 1153 populus,
1005 1071 1089 1152 quod
1113 1070 1281 1152 aliquando
1304 1071 1338 1135 in

160 1261 165 1269 .
191 1174 351 1239 maledieti
374 1177 444 1240 loco
469 1176 643 1241 dicebatur.
670 1181 725 1242 aut
747 1178 882 1243 fortasse
906 1179 1024 1262 uulgus
1049 1176 1176 1258 quidem
1200 1177 1338 1262 ignobile

190 1285 223 1344 et
253 1282 424 1364 inperitum
456 1287 611 1368 urguetur
643 1285 692 1348 bis
725 1284 828 1362 malis,
860 1283 1030 1349 nobiliores
1058 1302 1132 1348 uero
1161 1285 1278 1366 quiquo
1306 1285 1337 1348 in

189 1390 307 1471 populo
332 1392 364 1453 et
387 1390 545 1455 uastiores
570 1390 660 1454 aliter
684 1395 791 1474 agunt.
818 1391 1013 1473 quinimmo
1037 1391 1093 1455 isti
1117 1391 1212 1455 etiarn
1239 1391 1337 1454 mani·
1365 1399 1382 1450 2

163 1518 165 1522 ·
189 1495 303 1560 festius
323 1498 355 1560 et
373 1496 512 1561 ualidius
531 1497 707 1580 inpugnant
725 1497 919 1570 sacerdotes:
941 1499 995 1562 sed
1015 1497 1170 1575 fortassis,
1191 1498 1338 1578 quoniam

143 1620 172 1662 ro
191 1601 285 1664 etiam
312 1602 368 1666 isti
397 1603 516 1668 saeculi
542 1603 687 1668 homines
717 1607 792 1668 sunt
819 1604 931 1679 adhuc,
960 1602 1076 1668 ideirco
1106 1605 1183 1668 haee
1210 1603 1336 1682 faciant,

190 1708 385 1774 continentes
410 1727 485 1773 uero
509 1710 609 1774 nostri
633 1713 665 1775 et
686 1711 718 1775 in
742 1710 802 1776 hoe
829 1711 946 1794 ipsum,
975 1715 1010 1774 ut
1040 1709 1158 1790 dicunt,
1187 1713 1336 1774 uacantes

190 1814 247 1880 deo
271 1815 410 1897 quietius
433 1820 537 1900 agant
563 1816 619 1880 isti
642 1835 716 1882 uero
741 1817 837 1882 etiam
861 1821 1005 1900 apertum
1032 1817 1151 1881 bellurn
1180 1819 1213 1880 et
1240 1819 1336 1880 certa-

75 1919 80 1926 “
188 1940 259 1986 men
292 1922 447 2005 inpudens
486 1922 656 1986 aduersum
693 1924 872 1988 sacerdotes
911 1927 1025 2007 gerunt
1062 1941 1098 1986 eo
1136 1923 1237 2006 magis
1275 1941 1335 2003 quo

190 2027 293 2108 specie
316 2028 459 2112 religiosi
481 2027 609 2093 habitus
634 2029 759 2098 facilius
779 2030 825 2094 eis
845 2029 929 2094 credi
948 2049 966 2092 a
985 2031 1083 2112 uulgo
1104 2029 1199 2093 etiarn
1219 2028 1335 2092 calum-

141 2151 171 2194 1s
189 2134 349 2198 niantibus
380 2137 498 2215 potest,
535 2136 702 2220 praecipue
735 2155 807 2201 eum
840 2137 878 2201 de
910 2137 982 2215 fide,
1020 2155 1099 2220 quae
1131 2139 1180 2200 est
1212 2153 1336 2200 sumrna

186 2259 301 2318 rerum,
326 2241 527 2322 quaestiones
550 2246 691 2310 monent.
713 2261 774 2307 non
797 2243 870 2307 illos
890 2242 971 2321 dico,
996 2243 1033 2307 de
1053 2262 1186 2324 quorum
1205 2259 1335 2307 numero
1364 2251 1399 2303 3¹

188 2365 259 2412 esse
293 2349 387 2412 eliam
421 2367 479 2432 ego
514 2354 589 2434 opto
623 2354 655 2414 et
688 2349 830 2415 desidero
863 2371 945 2416 unus
979 2371 1015 2416 ex
1050 2351 1129 2434 ipsis
1166 2349 1244 2427 lieri,
1282 2348 1335 2430 qui

185 2453 308 2539 integro
338 2460 369 2519 et
398 2474 474 2521 sano
501 2457 664 2538 proposito
698 2460 856 2522 certamen
888 2476 944 2539 pro
977 2458 1112 2522 ueritate
1136 2456 1335 2538 suscipiunt,

187 2562 241 2643 qui
264 2581 318 2643 pro
343 2561 403 2626 fide
428 2562 479 2626 dei
502 2563 643 2627 ceruices
668 2583 742 2629 suas
766 2568 798 2629 et
821 2564 957 2629 animam
986 2567 1119 2646 ponunt3
1147 2563 1259 2627 melior
1286 2565 1336 2626 est

138 2669 270 2734 noenim
296 2669 370 2733 talis
403 2689 510 2753 pugna
542 2688 622 2752 quae
656 2669 713 2735 deo
746 2671 920 2752 proximum
955 2670 1032 2734 facit
1063 2688 1157 2751 quam
1189 2687 1248 2750 pax
1279 2669 1336 2731 illa

187 2794 266 2858 quae
291 2780 416 2857 separat
439 2795 457 2839 a
481 2776 553 2851 deo;
578 2780 744 2858 propterea
767 2777 850 2842 enim
875 2781 906 2842 et
928 2779 1129 2841 mansuetum
1149 2775 1335 2838 bellatorem

185 2882 275 2946 iubet
299 2902 368 2947 esse
393 2882 524 2966 spiritus
549 2887 689 2950 sarnatus.
713 2901 774 2948 nou
799 2903 872 2968 ergo
898 2884 934 2948 de
959 2883 1181 2948 huiuscemodi
1203 2881 1334 2946 bellato-

169 2975 273 3053 ⁸ribus
299 2990 380 3066 dico,
403 2989 436 3054 in
461 3009 595 3070 quorum
618 2977 747 3056 numero
771 3010 822 3057 me
846 3009 970 3073 quoque
995 2990 1087 3073 cupio
1111 2987 1254 3053 inueniri.

114 3175 116 3180 s
232 3096 283 3159 83.
312 3095 374 3161 Sed
399 3102 473 3161 sunt
497 3097 626 3179 quidam
654 3097 708 3178 qui
734 3097 879 3181 ingentes
906 3099 988 3161 rixas
1016 3099 1148 3160 mouent
1177 3114 1211 3159 ex
1240 3094 1334 3158 rebus

83 3214 93 3228 ·
126 3205 241 3267 asne]
268 3203 467 3268 sermonibus
494 3204 612 3286 paruis,
646 3204 698 3268 uel
731 3205 826 3270 etiam
859 3201 919 3270 non
952 3204 1069 3268 diuinis
1102 3202 1157 3267 sed
1189 3201 1334 3266 humanis

186 3309 326 3374 motibus
353 3301 432 3375 inoit
451 3309 486 3373 ti.
514 3310 546 3373 bi
577 3329 672 3397 quam
700 3311 853 3392 plurimos
883 3311 1065 3376 adsciscunt
1092 3301 1231 3375 insaniae
1259 3327 1334 3374 suae

277 3617 293 3668 5
312 3616 383 3670 usas.
403 3617 446 3685 24,
466 3617 492 3670 a.
513 3615 558 3670 cs.
577 3617 603 3686 4,
623 3619 638 3672 e

111 3819 115 3825 ·
223 3807 239 3860 3
258 3807 381 3862 sacerdos
400 3825 464 3862 uero
484 3809 509 3878 (t
529 3808 556 3862 dt
576 3808 669 3881 ἱερεὺς)
687 3809 715 3863 R
734 3810 887 3864 sacerdotes
907 3827 970 3864 uero
990 3817 1038 3864 cet.
1058 3829 1073 3864 v
1158 3814 1175 3865 4
1194 3829 1264 3865 nunc
1282 3829 1333 3868 om.

190 3895 226 3949 Oc
317 3897 496 3951 dmaledicto
519 3897 583 3951 ouo
674 3900 837 3968 turgeatur
854 3898 882 3953 R
900 3902 1013 3967 urgetur
1032 3900 1090 3953 AV
1182 3899 1287 3954 nobiles
1311 3899 1338 3953 V

187 3986 300 4054 quisque
323 3985 345 4038 0
435 3987 451 4040 9
472 3987 554 4041 etiam
573 3989 699 4058 quoniam
720 4005 733 4043 o
825 3989 858 4043 10
876 3989 956 4042 istius
975 3991 1095 4043 seculi'o
1184 3990 1288 4044 faciunt
1312 3989 1337 4042 V

188 4075 220 4128 11
241 4076 327 4129 nostri
345 4077 377 4130 aba
395 4093 452 4130 rus.
471 4081 518 4130 m2
539 4076 563 4129 C
616 4079 648 4131 12
668 4079 787 4147 apertius
807 4079 854 4146 (cf.
874 4081 1004 4150 φανερῶς)
1022 4079 1102 4148 nepa.
1168 4081 1200 4134 13
1220 4095 1287 4147 quos
1306 4081 1333 4134 R

189 4146 258 4218 14'a
275 4166 358 4234 uulgo
380 4165 452 4219 credi
474 4166 511 4220 Co
603 4167 635 4219 19
655 4168 757 4220 animas
780 4165 803 4219 0
883 4167 1014 4221 addeum
1035 4169 1288 4237 proximumfaciat
1311 4168 1337 4222 V

187 4253 220 4306 21
241 4258 367 4322 caeperat
388 4254 411 4308 0
468 4256 502 4308 22
520 4255 675 4310 huiusmodi
699 4256 725 4309 V
793 4257 828 4310 24
846 4255 894 4309 sed
914 4273 959 4310 eos
979 4257 1087 4326 quidem
1107 4258 1153 4327 qni
1172 4257 1333 4326 ingentes—

186 4341 305 4395 motibus
324 4343 434 4398 incitati
453 4342 506 4396 sibi
525 4360 604 4412 quam
624 4346 754 4415 plurimos
774 4344 928 4399 adsciscunt
951 4345 987 4399 Cn
1042 4348 1076 4402 26
1095 4347 1136 4400 hii
1153 4347 1208 4402 RO
