3214 4988
246 429 291 495 40
765 425 881 481 Rufini

249 623 349 701 aulas,
388 625 557 706 antequam
591 639 751 688 sacrorum
784 620 983 688 uoluminum
1021 623 1150 688 nomina
1186 623 1294 688 saltim
1330 623 1400 706 ipsa

249 731 453 814 cognoscant,
471 732 642 812 antequam
660 747 762 796 nonae
780 729 834 794 nel
852 729 970 794 ueteris
990 729 1165 811 scripturae
1183 731 1237 795 uel
1255 733 1400 796 auctores

249 835 374 902 discant
392 837 445 901 uel
464 835 575 902 stilum
595 838 789 920 cognoscant
807 871 851 882 -
869 855 943 900 nam
956 835 1039 901 illud
1052 855 1113 902 non
1130 836 1211 915 dico,
1231 840 1400 920 antequam

247 943 344 1008 bosor
381 942 511 1008 abluant
548 947 580 1008 et
616 943 738 1008 animae
774 942 855 1008 uitia
892 942 1049 1026 deponant
1088 980 1138 1021 —,
1181 942 1285 1010 eicuhi
1319 944 1401 1009 forte

248 1050 330 1115 duos
357 1052 412 1115 uel
443 1053 507 1115 tres
541 1068 701 1116 sermones
735 1068 771 1114 er
804 1049 943 1133 antiquis
976 1050 1201 1115 tractatoribus
1235 1049 1402 1116 didicerint
1432 1067 1446 1111 s

249 1159 281 1222 et
306 1157 368 1222 hoc
396 1156 531 1222 fortasse
560 1175 595 1221 ex
628 1154 740 1221 auditu
772 1155 875 1242 magis
908 1175 1003 1240 qnam
1037 1175 1073 1222 er
1105 1157 1252 1235 lectione,
1286 1161 1342 1223 ant
1374 1159 1401 1222 si

246 1281 367 1348 paucos
392 1282 428 1328 ex
446 1261 552 1328 Dauid
576 1263 711 1347 sparsim
736 1261 940 1328 didicerimus
963 1262 1105 1347 psalmos
1125 1281 1161 1328 ac
1180 1263 1292 1329 deinde
1311 1267 1402 1330 ueste

247 1368 380 1436 fusciori
408 1387 445 1434 ac
472 1369 551 1438 hene
582 1369 747 1452 conposita
780 1372 918 1450 utamur,
951 1369 1005 1436 nel
1038 1370 1065 1434 si
1098 1370 1194 1436 etiam
1227 1390 1330 1453 usque
1364 1371 1402 1435 ad

248 1493 344 1542 nonae
387 1476 550 1562 cingulum
596 1475 831 1559 philosophiam
878 1479 1077 1542 ostentemus
1124 1477 1264 1559 speciem
1310 1477 1401 1544 nohis

247 1583 378 1668 pietatis
415 1585 448 1648 ct
483 1582 597 1648 faciem
635 1581 858 1649 huiuscemodi
895 1583 1173 1650 adiuuentionibus
1215 1585 1400 1665 colorantes,
1420 1601 1447 1646 ro

249 1689 399 1756 continuo
422 1690 486 1754 iam
511 1689 711 1755 admirationi
736 1708 806 1755 esse
830 1691 981 1756 uolumus
1001 1695 1034 1756 et
1052 1690 1149 1771 laudi,
1174 1710 1321 1776 praeesse
1339 1692 1401 1756 ianr

247 1797 376 1882 populis
410 1796 599 1882 cogitamus,
633 1794 785 1861 Samuhel
818 1796 916 1880 aliqui
948 1797 1039 1864 nohis
1071 1798 1218 1863 uidemur
1251 1797 1289 1863 ah
1323 1797 1401 1881 ipsis

247 1902 451 1970 incunabulis
475 1902 662 1979 consecrati,
691 1902 850 1986 sapientes
874 1923 1000 1991 quoque
1030 1908 1061 1970 et
1090 1904 1234 1971 doctores
1264 1909 1297 1970 et
1324 1905 1403 1970 diui-

247 2029 360 2078 norum
383 2012 517 2094 mystae,
540 2013 573 2075 et
594 2009 677 2074 inter
701 2009 821 2075 scribae
846 2012 879 2075 ot
900 2011 982 2094 legis
1007 2010 1153 2076 doctores
1172 2011 1401 2093 nosmetipsos

249 2117 432 2182 ordinamus
456 2120 488 2181 et
510 2117 601 2182 uelut
624 2115 778 2181 caelestes
803 2116 932 2210 quidam
951 2117 1128 2184 incedimus
1152 2119 1339 2200 quaerentes
1363 2117 1400 2182 ab
1420 2135 1447 2180 ra

247 2222 431 2288 hominibus
468 2222 575 2288 uocari
607 2222 697 2288 rahhi
735 2223 894 2288 dicentes:
932 2229 1099 2309 ‘nusquam
1135 2242 1266 2310 prorsus
1304 2224 1402 2290 susci·

249 2328 365 2412 pienda
379 2332 429 2394 est
442 2329 560 2408 littera,
576 2329 632 2394 sed
646 2330 752 2395 omnia
767 2330 954 2413 spiritaliter
967 2330 1191 2416 intellegenda'
1205 2367 1248 2378 —-
1263 2331 1402 2414 alioquin

250 2436 457 2501 deliramenta
471 2435 625 2518 quaedam
640 2435 741 2501 uideri
757 2440 790 2501 et
804 2437 926 2502 somnia
940 2473 994 2517 -,
1008 2438 1139 2521 iusuper
1148 2437 1401 2523 etindignamur,
1584 2413 1585 2479 i

204 2556 221 2608 3
249 2543 311 2609 nisi
339 2542 544 2608 uehementer
571 2545 603 2607 et
629 2542 846 2609 lauomhiliter
875 2545 1121 2610 conlaudemur?
1153 2548 1186 2610 et
1213 2545 1290 2627 haec
1318 2543 1403 2609 heni-

340 2769 373 2823 12
392 2769 426 2824 cf.
445 2769 459 2822 I
477 2769 544 2839 Reg.
563 2770 588 2834 l,
609 2769 715 2823 24-28
773 2769 805 2822 15
826 2768 859 2822 cf.
878 2769 978 2827 nauch.
997 2770 1040 2834 23,
1060 2771 1075 2824 7

287 2913 299 2966 1
320 2912 500 2982 uoluminum]
519 2911 564 2966 nel
584 2911 702 2966 omniurn
721 2912 749 2964 A
861 2911 959 2966 saltem
983 2911 1120 2982 saepen
1210 2913 1226 2966 2
1246 2915 1353 2967 ueteres
1376 2911 1401 2966 l’
1581 2853 1582 2920 1

251 2985 267 3058 a
287 3005 432 3073 antequam
450 3002 532 3056 bosor
555 3001 668 3056 abluant
687 3026 720 3047 =
740 3002 797 3072 cpio
816 2999 834 3072 ἢ
854 3002 898 3054 τὸν
923 3000 1052 3074 βόρβορον
1077 3001 1290 3066 &acclinandum
1315 3001 1403 3066 bosor,
1580 2989 1581 3065 i

249 3091 324 3161 quod
335 3090 462 3146 omnibus
476 3089 615 3145 codicibus
630 3088 762 3157 traditur,
776 3089 987 3160 anpezorectrio
1005 3095 1129 3145 monente
1140 3091 1293 3161 genuinum
1306 3107 1362 3146 esse
1374 3105 1405 3145 eo

250 3181 453 3250 cornprobatur,
472 3179 547 3249 quod
564 3178 656 3234 media
677 3185 766 3234 aetate
784 3194 879 3234 uocare
896 3178 964 3234 bosa
978 3183 1023 3248 (=
1037 3186 1148 3248 sturno,
1167 3195 1291 3248 caenum,
1305 3180 1402 3250 lutum)

249 3271 282 3324 in
299 3285 355 3324 aare
367 3269 460 3338 suisne
477 3268 527 3322 Du
548 3267 643 3338 Gange
667 3268 743 3322 docet
761 3269 807 3339 (cs.
827 3269 912 3324 etiam
930 3269 1177 3340 Fraccoqadiccm
1200 3269 1240 3324 ‘to
1258 3270 1360 3339 house’)
1378 3276 1405 3323 et

248 3357 356 3428 generis
377 3358 504 3412 neutrius
522 3356 621 3425 sorma
643 3357 675 3410 in
699 3373 742 3409 -or
765 3373 799 3412 ec
823 3357 959 3426 analogia
982 3358 1061 3412 nocie
1080 3356 1146 3412 ador
1165 3357 1302 3427 explicari
1315 3363 1405 3426 potent

251 3452 334 3516 atque
351 3446 384 3500 in
401 3461 523 3500 emmone
536 3445 659 3514 uulgari,
673 3443 719 3498 rui
733 3443 816 3498 etium
829 3444 911 3498 bosor
926 3443 1076 3499 attribuere
1088 3461 1147 3499 non
1165 3444 1270 3513 dubito,
1288 3443 1404 3515 paedore

244 3552 300 3607 pro
318 3535 458 3606 paederos,
478 3549 549 3603 quoe
567 3549 625 3588 unc
642 3532 714 3587 idun
733 3533 808 3602 quod
824 3532 907 3587 bosor
929 3533 1078 3603 significat,
1102 3533 1205 3589 dictum
1228 3549 1284 3588 eene
1305 3535 1405 3589 animno

250 3627 296 3696 (cf.
323 3625 405 3696 Gom.
431 3623 521 3680 Gloaa.
545 3622 611 3680 Lat.
630 3622 679 3677 IV
696 3625 765 3688 270,
788 3627 805 3675 4
824 3628 849 3677 et
866 3628 996 3678 nastrum
1014 3623 1087 3677 calor
1107 3623 1184 3692 apud
1201 3621 1300 3677 Placet.
1318 3623 1405 3678 Mero.

251 3705 343 3786 860)'
391 3712 526 3783 4sicnhi]
547 3713 619 3782 siqui
640 3711 739 3782 Op.c.,o
803 3712 819 3765 6
839 3713 868 3765 et
886 3727 937 3766 om.
956 3711 984 3767 R
1047 3711 1203 3782 Slusciori]
1222 3712 1360 3766 rusticiori
1376 3713 1403 3766 A

249 3806 266 3861 9
286 3820 381 3859 zonam
401 3805 429 3857 et
447 3802 585 3872 cingulum
604 3799 632 3854 A
685 3801 856 3871 filosophiam
875 3799 904 3856 R
921 3801 1094 3872 philosoflarn
1117 3801 1141 3856 0
1192 3801 1405 3856 ostendemnsO

251 3894 285 3950 10
303 3891 503 3948 huiusmodiB
541 3893 571 3945 ll
594 3907 652 3944 esse
671 3906 722 3944 om.
742 3890 768 3944 V
803 3890 836 3944 12
855 3889 960 3944 samuel
974 3889 1030 3945 AO
1082 3890 1227 3961 aliquidO
1280 3889 1406 3946 uidemur

250 3983 365 4038 nobiae
429 3982 462 4036 13
482 3978 654 4045 incunabulis
675 3979 699 4032 0
716 3979 857 4034 cunabulis
874 3995 892 4032 v
969 3983 998 4034 ct
1016 3978 1332 4034 diuinorum-doctores
1351 3995 1402 4035 om

250 4074 278 4126 A
345 4071 395 4125 alt.
416 4072 444 4125 et
462 4085 522 4138 exp.
540 4067 601 4137 Re,
621 4083 708 4122 om.c
780 4067 933 4122 diuinorum
951 4067 1394 4139 myste(riorua.e)1t(ddqlo

252 4162 285 4214 τὰ
302 4159 390 4226 heim:
412 4158 564 4212 diuinorum
582 4157 727 4226 mysteriae
751 4155 774 4210 0
797 4153 948 4211 diuinorum
972 4158 1103 4227 mysteria
1125 4155 1152 4210 V
1174 4155 1327 4211 diuinorum
1345 4173 1402 4225 my·

253 4250 353 4314 ateriae
369 4251 426 4319 (oru
441 4265 463 4302 a.
477 4246 521 4318 ne)
538 4246 727 4300 Odiuinorum
742 4246 954 4300 misteriorumv
991 4246 1025 4301 15
1039 4246 1126 4316 uelut]
1142 4245 1215 4301 utre
1253 4245 1287 4300 16
1301 4243 1404 4300 rahiV

252 4336 400 4409 nusquam]
420 4351 570 4404 nosquam
594 4333 621 4390 V
674 4335 707 4393 19
727 4337 754 4389 et
772 4333 977 4405 haec-quique
995 4337 1149 4390 nostrorum
1168 4350 1220 4393 om.
1238 4336 1266 4388 A
