3214 4988
580 421 602 478 1.
621 421 868 492 Apologetious
888 423 983 477 9-12.
1313 431 1353 492 15

203 619 350 684 morbum
372 619 519 702 pluribus
543 622 681 702 generet.
710 621 756 685 ita
779 620 806 684 si
830 619 902 702 quis
926 624 976 686 est
998 620 1030 686 iu
1053 624 1174 686 rectore
1204 622 1355 688 uitiorum

202 725 345 802 morbus,
373 727 467 791 facile
491 727 523 792 in
547 745 601 792 eoa
626 727 678 809 qui
703 725 732 792 ei
756 727 796 792 ad
819 727 1102 810 obtemperandum
1126 732 1251 812 praesto
1281 732 1355 794 suut

202 833 340 898 traditur
367 837 463 916 atque
490 833 736 912 transfundiau1·;
770 838 803 898 et
829 834 932 898 multo
960 834 1087 900 facilius
1117 835 1203 917 quod
1234 837 1355 900 malum

204 943 255 1004 est
277 941 315 1005 ab
345 959 381 1004 eo
409 940 524 1004 transit
552 959 646 1023 quam
676 941 704 1005 ei
732 941 809 1024 quid
836 942 867 1006 iu
896 960 932 1006 eo
961 942 1091 1006 uirtutis
1122 945 1154 1006 et
1179 941 1354 1007 industriae

154 1061 184 1104 ‘a
203 1047 308 1112 luerit.
332 1048 363 1112 in
388 1066 450 1129 quo
475 1065 534 1130 ego
559 1066 684 1129 quoque
709 1049 796 1112 soleo
820 1049 928 1112 crebro
953 1047 1037 1131 apud
1055 1052 1174 1113 memet
1191 1049 1297 1130 ipsum
1317 1049 1355 1113 de
1383 1063 1399 1114 2

202 1153 322 1219 talibus
347 1153 508 1218 conferens
533 1153 680 1218 admirari
703 1154 888 1236 plurimum,
918 1153 1091 1236 quodiam
1115 1154 1207 1218 facile
1231 1157 1264 1220 et
1286 1154 1354 1220 siue

202 1261 309 1343 aliquo
334 1261 442 1326 labore
466 1264 561 1342 atque
584 1260 660 1326 ullis
685 1261 885 1326 adminiculis
913 1261 1036 1326 malitia
1062 1261 1188 1342 proficit
1216 1265 1248 1326 at
1275 1260 1354 1325 nihil

202 1372 268 1433 tam
291 1368 383 1432 facile
408 1371 457 1431 est
480 1386 575 1449 quam
599 1367 684 1433 effici
702 1361 832 1443 malum,
858 1368 984 1434 etiamsi
1002 1386 1094 1432 nemo
1115 1368 1237 1446 doceat,
1261 1384 1353 1432 uerno

202 1475 371 1557 conpellat,
400 1494 506 1539 rarum
529 1478 636 1539 autem
660 1478 692 1539 et
714 1476 900 1556 perdifficile
933 1475 976 1540 sit
997 1473 1065 1540 fieri
1092 1475 1222 1552 bonurn,
1252 1478 1284 1539 et
1310 1475 1355 1539 ita

153 1597 183 1640 10
202 1584 293 1665 quasi
317 1581 576 1648 conscendendas
601 1583 644 1648 eit
666 1582 781 1648 arduae
806 1583 972 1649 cuiusdam
996 1586 1028 1646 et
1050 1585 1237 1665 praeruptae
1265 1582 1353 1663 rupis

171 1757 173 1762 ,
202 1709 363 1767 ascensus,
387 1688 465 1754 licet
488 1689 596 1771 plures
619 1695 803 1770 prouocant,
830 1690 909 1756 licet
930 1687 1026 1754 multi
1048 1689 1195 1766 innitent,
1227 1688 1354 1754 etiamsi

201 1813 310 1860 ornnes
339 1795 467 1859 faueant
495 1798 527 1858 et
554 1795 731 1860 hortentur.
766 1798 798 1859 et
824 1797 885 1860 hoo
916 1799 965 1860 est
998 1794 1082 1876 quod
1113 1795 1193 1858 mihi
1227 1794 1355 1859 uidetur·
1383 1811 1398 1864 3

201 1902 297 1965 etiarn
320 1902 434 1966 beatus
459 1901 607 1986 Aggaens
634 1901 824 1985 intellegens
852 1901 1069 1968 admirandam
1096 1901 1185 1966 illam
1212 1900 1352 1966 introdu-

199 2008 282 2072 xisse
297 2008 544 2091 percontationis
556 2008 740 2092 imaginem,
761 2027 834 2072 cum
849 2009 889 2074 ad
904 2027 977 2073 curn
994 2008 1122 2073 dieitur:
1143 2007 1272 2072 interr
1282 2027 1298 2072 ο
1308 2026 1354 2091 ga

153 2132 182 2174 re
202 2115 419 2180 sacerdotes
447 2115 570 2199 legem
599 2119 634 2179 et
663 2115 721 2180 dic
750 2116 817 2180 eis:
851 2117 884 2180 si
913 2134 997 2180 caro
1028 2118 1159 2180 sancta
1188 2114 1249 2180 uel
1285 2133 1352 2178 uas

201 2226 372 2286 sanctum
406 2223 613 2306 contigerit
650 2223 817 2288 alicuius
855 2223 1138 2300 uestimentum,
1178 2222 1209 2286 si
1249 2239 1352 2286 eano-

199 2329 330 2394 tiiieat
355 2349 435 2395 eum
461 2349 501 2392 er
526 2348 566 2393 eo
591 2329 687 2412 quod
712 2329 896 2414 contigit?
921 2332 953 2394 et
976 2347 1048 2394 cum
1073 2329 1226 2393 dixissent
1250 2346 1350 2394 saecr-

200 2436 290 2500 dotes
319 2437 393 2518 quia
421 2455 482 2500 non
512 2435 698 2511 sanctificat,
727 2437 805 2501 dicit
834 2437 873 2501 ad
902 2455 955 2502 eos
983 2435 1184 2501 rursumrsi
1212 2435 1352 2500 inmun-

200 2543 295 2607 ditia
324 2543 537 2626 contigcrit
568 2544 838 2609 uestimentum
873 2543 1011 2620 mundi,
1046 2546 1171 2608 utrum
1202 2541 1354 2624 polluat

149 2665 181 2710 ao
201 2653 302 2714 euni?
326 2651 359 2712 et
383 2649 528 2713 dixerunt
551 2649 625 2731 quia
648 2649 773 2731 polluit.

245 2758 293 2822 12.
317 2756 386 2821 Hoc
413 2760 462 2820 est
486 2773 560 2838 ergo
584 2755 669 2838 quod
693 2756 789 2820 etiarn
813 2759 919 2820 noster
941 2755 993 2820 hie
1017 2773 1097 2818 nunc
1123 2773 1226 2818 sermo
1245 2773 1351 2818 recen·

199 2864 273 2940 suit,
304 2864 453 2946 quoniam
477 2863 674 2946 perdifficilis
698 2866 749 2928 est
772 2864 953 2945 adsumptio
977 2863 1052 2928 boni
1078 2865 1208 2927 naturae
1236 2864 1351 2926 morta-

198 2971 288 3050 lium,
313 2973 406 3036 uelut
424 2971 452 3035 si
470 2971 555 3055 ignis
574 2971 723 3034 humidae
743 2971 839 3036 alicui
858 2971 1009 3035 materiae
1029 2970 1225 3035 adhibeatur.
1248 2972 1350 3051 parati

198 3081 304 3142 autern
328 3097 441 3142 sumus
471 3077 510 3142 ad
537 3077 754 3160 recipiendum
782 3078 903 3142 malum
932 3097 1026 3160 quarn
1055 3076 1184 3160 plurimi
1212 3080 1244 3140 et
1272 3076 1348 3157 apti,

148 3202 180 3245 aa
198 3186 288 3250 uelut
320 3187 347 3251 si
380 3185 486 3250 aridae
519 3186 590 3268 quis
624 3186 762 3268 stipulae
796 3185 965 3250 scintillam
999 3185 1083 3268 ignis
1115 3185 1235 3263 iniciat,
1269 3203 1349 3266 quae

195 3295 325 3375 insuper
343 3293 439 3358 etiam
459 3293 563 3357 uentis
584 3293 778 3374 spirantibus
798 3293 962 3357 animetur.
981 3292 1026 3356 ita
1045 3291 1188 3356 uelocius
1209 3291 1349 3355 malitiae
1377 3308 1393 3359 2

291 3485 324 3538 14
343 3482 414 3553 agg.
435 3485 460 3553 a,
482 3484 588 3538 12-14

234 3609 246 3660 l
267 3608 377 3662 morbus
398 3609 529 3662 uiciorum
548 3607 575 3662 A
638 3607 654 3659 2
675 3608 700 3661 ei
719 3608 908 3677 obtemperant
927 3607 990 3660 durn
1013 3607 1039 3660 V
1105 3607 1122 3660 3
1141 3605 1260 3670 traditur
1278 3605 1306 3673 (h
1325 3622 1346 3660 e.

200 3697 274 3768 d)O
364 3702 407 3751 est
425 3698 561 3751 malurno
655 3697 780 3766 dquam]
802 3697 963 3765 quoniame
1057 3696 1228 3750 bammirari
1250 3693 1347 3764 Op.c.,p

195 3787 211 3838 7
232 3785 403 3852 adminiculis
427 3785 449 3839 0
467 3785 647 3840 amminiculis
666 3802 681 3840 o
753 3785 869 3856 proiecit
893 3785 919 3838 V
985 3785 1018 3840 10
1038 3783 1257 3838 conscendendus
1277 3783 1300 3852 (l
1316 3785 1347 3836 o'u

193 3877 263 3942 roua.)
281 3877 309 3931 R
328 3876 540 3930 ccdesoemusa
614 3879 642 3929 et
660 3892 745 3930 onan
834 3875 866 3928 12
887 3879 914 3928 et
934 3876 995 3943 ult]
1017 3874 1064 3928 sed
1087 3874 1109 3927 O
1200 3873 1233 3926 13
1253 3873 1346 3941 etiam]

192 3965 247 4018 iarn
267 3966 294 4018 A
367 3982 469 4035 aggeus
488 3965 571 4020 1200
640 3965 750 4035 introd]
770 3965 929 4020 instruxisse
950 3969 973 4030 (s
987 3981 1075 4032 pne.
1094 3965 1121 4030 l.)
1141 3963 1168 4018 R
1230 3963 1263 4016 14
1285 3978 1345 4032 per·

192 4055 379 4108 cunctacionis
398 4054 425 4109 A
517 4057 549 4108 15
569 4055 592 4108 si
610 4071 696 4111 oona
787 4071 848 4110 caro
868 4055 972 4123 sancta]
993 4059 1117 4107 sacrosea
1138 4052 1204 4106 OAo
1290 4052 1343 4120 uel]

193 4146 223 4196 et
245 4142 281 4197 Oc
364 4146 397 4199 16
418 4145 553 4214 contingit
571 4145 598 4198 A
685 4145 718 4198 18
737 4145 852 4212 rursum]
872 4159 1030 4212 responsum
1049 4141 1146 4196 RoVo
1231 4141 1266 4194 22
1285 4157 1344 4210 per-

192 4232 304 4286 difficile
323 4233 351 4286 R
451 4234 538 4287 bonae
557 4234 615 4286 AV
703 4233 738 4286 23
757 4233 865 4286 umidae
883 4232 963 4287 Rue.
1050 4232 1084 4284 24
1103 4228 1347 4300 *apeipiendumtl

192 4320 431 4391 percipiendumo
491 4323 525 4374 25
546 4323 591 4391 qui
613 4321 711 4390 Cercar
797 4321 895 4376 incitat
917 4321 991 4376 Ouo.
1047 4320 1081 4374 26
1101 4317 1346 4389 inspirantibueV
