3204 4996
638 425 677 480 ad
695 427 930 497 Apronianum.
966 485 968 490 ,
1338 429 1358 492 5

209 623 249 689 ‘si
267 627 396 706 propter
414 641 463 686 me
483 625 533 687 est
550 625 725 706 tempestas
745 623 817 698 ista,
837 623 981 688 tollite
1001 639 1058 688 me
1083 625 1121 688 et
1144 623 1302 690 mittite
1321 624 1359 690 irr

208 749 331 808 mare,⁸
349 729 382 794 et
404 727 527 794 desinat
550 748 568 792 a
591 727 683 794 uobis
707 729 900 794 commotio'.
1209 725 1212 738 '

254 835 360 901 Huius
391 856 492 919 neque
525 837 593 901 nita
625 835 745 920 aliquid
777 836 976 919 probabilius
1011 842 1043 902 et
1080 838 1221 904 sanctius
1257 854 1359 921 neque
1388 848 1404 900 6

210 943 390 1026 eloquentia
418 944 533 1009 clarius
563 946 595 1008 et
622 943 789 1008 inlustrius
818 962 919 1026 neque
947 943 1015 1008 fide
1036 944 1147 1027 purius
1176 947 1208 1009 et
1239 944 1359 1009 rectius

176 1069 312 1134 oreque
336 1051 467 1116 scientia
489 1051 615 1132 plenius
640 1053 672 1116 et
694 1051 865 1136 perfectius
889 1050 1024 1116 inueniri
1048 1054 1164 1134 potest,
1193 1053 1248 1135 qui
1271 1052 1359 1118 solus

210 1157 263 1234 sit,
296 1159 334 1223 de
362 1158 454 1223 cuius
483 1157 544 1223 lide
572 1178 611 1222 ne
644 1157 836 1224 dissidentes
870 1158 998 1241 quidem
1030 1157 1113 1222 inter·
1146 1177 1190 1236 se,
1223 1162 1260 1223 nt
1291 1157 1359 1222 fieri

210 1265 302 1342 solet,
325 1267 431 1346 partes
460 1267 493 1329 et
520 1264 626 1330 studia
654 1264 816 1348 disputare
843 1265 1013 1348 potuerint,
1043 1264 1099 1329 sed
1126 1264 1160 1328 id
1189 1264 1360 1329 obtinuerit

210 1370 294 1454 apud
327 1371 421 1435 deum
454 1373 485 1434 et
517 1370 668 1435 eeclesias
708 1370 758 1434 dei
795 1369 910 1447 meriti,
948 1372 994 1447 ut,
1032 1369 1225 1452 quicumque
1262 1388 1359 1434 ausus

208 1476 305 1541 luerit
331 1476 491 1541 doctrinae
524 1476 592 1541 eius
624 1476 656 1540 in
688 1475 795 1558 aliquo
827 1476 987 1560 refragari,
1021 1495 1057 1540 ex
1090 1477 1149 1541 hoc
1181 1476 1251 1558 ipso
1286 1475 1360 1559 quia

164 1601 193 1646 ro
210 1583 279 1668 ipse
302 1583 405 1668 magis
433 1584 476 1647 sit
503 1583 663 1648 hereticus
691 1586 856 1667 arguatnr;
886 1583 1090 1648 manifestum
1118 1601 1253 1665 namque
1280 1582 1360 1647 indi·

211 1691 295 1754 cium
320 1693 369 1754 est
392 1709 451 1754 non
473 1707 543 1754 esse
561 1694 666 1754 rectae
684 1689 758 1754 lidei
777 1709 902 1756 omnem
922 1689 1026 1773 quiin
1045 1689 1106 1753 fide
1127 1689 1279 1773 Gregorio
1299 1708 1359 1754 non

211 1797 389 1862 concordat.
411 1797 496 1862 huno
515 1815 588 1881 ergo
609 1797 728 1878 absque
748 1798 813 1863 ullo
833 1815 962 1880 prorsus
982 1797 1131 1880 scrupulo
1150 1797 1231 1880 lege,
1256 1795 1360 1862 sciens
1388 1808 1403 1859 7

210 1907 315 1968 tamen
346 1903 429 1985 quod
458 1903 656 1986 eloquentiae
684 1903 753 1969 eius
780 1903 1017 1988 praefulgidum
1044 1903 1075 1968 in
1104 1901 1225 1968 Graeco
1253 1903 1360 1968 lumen

211 2032 272 2077 non
294 2031 404 2094 pamm
423 2011 597 2078 necessitas
620 2011 890 2094 interpretationis
919 2011 1077 2077 obscurat.
1105 2011 1136 2074 in
1162 2030 1223 2094 qno
1251 2013 1359 2075 utrum

165 2135 193 2181 rs
210 2120 310 2184 nostri
333 2118 486 2184 sermonis
509 2121 678 2202 paupertas
703 2138 741 2182 an
768 2119 838 2200 ipsa
864 2117 1134 2208 interpretationis
1162 2121 1274 2182 natura
1300 2118 1360 2182 hoc

212 2230 295 2311 agat,
327 2230 374 2304 tu,
407 2225 462 2310 qui
489 2225 655 2308 utriusque
682 2226 811 2310 linguae
839 2225 936 2290 babes
965 2225 1121 2308 peritiam,
1154 2225 1257 2309 magis
1291 2243 1359 2308 pro·

212 2333 296 2398 bato.

303 2561 317 2614 1
338 2559 370 2614 cl.
390 2559 480 2613 Rufini
500 2560 571 2614 Hist.
592 2560 686 2614 eccles.
707 2559 770 2614 119
842 2560 900 2612 Ion.
921 2560 944 2626 1,
966 2559 998 2612 12

250 2739 308 2792 lsi
326 2755 379 2794 om.
396 2738 424 2792 A
477 2737 545 2791 haec
564 2739 713 2807 tempesias
733 2737 759 2790 L
815 2740 842 2790 et
860 2737 965 2790 mittite
984 2753 1025 2790 me
1048 2734 1148 2790 CLMu
1184 2734 1361 2788 2deainitB

213 2829 349 2888 desineto
368 2827 523 2881 dimittetur
537 2827 577 2893 A;
596 2826 663 2881 add.
683 2831 711 2881 et
730 2827 790 2882 eale
811 2825 902 2880 dicens
922 2825 960 2879 eis
980 2825 1015 2878 ad
1033 2824 1175 2881 ecclesiam
1195 2840 1271 2878 suam
1289 2822 1361 2877 redit

212 2917 339 2971 omnibus
358 2933 419 2970 eum
437 2932 497 2969 cnm
516 2915 634 2970 lacrimis
653 2915 881 2986 prosequentibus
900 2915 927 2967 L
999 2914 1146 2970 commocio
1165 2913 1216 2984 bec
1234 2913 1261 2964 A
1281 2928 1360 2982 quas·

213 3006 282 3060 satio
301 3005 398 3075 Rufio.
417 3004 492 3059 Hiat.
511 3005 601 3060 eccles.
621 3003 658 3058 II
679 3009 697 3059 9
769 3006 785 3058 3
803 3004 891 3057 Huius
911 3020 962 3059 om.
981 3003 1037 3057 ΑΡ
1124 3002 1293 3073 probabilius
1312 3002 1361 3056 ali·

213 3094 278 3165 quid
297 3095 324 3148 A
387 3094 596 3163 4eloquentiae
619 3093 728 3161 O‚Cu.c.
784 3093 941 3149 binuenire
961 3093 983 3160 (i
1002 3109 1023 3148 a.
1044 3093 1092 3147 alt.
1113 3097 1138 3159 e)
1161 3092 1185 3146 0
1239 3090 1360 3145 ddessi·

214 3184 407 3239 demonibus.
498 3184 513 3236 1
534 3183 615 3252 solet]
636 3183 701 3237 add.
722 3187 750 3237 et
768 3184 795 3236 B
885 3185 1034 3252 potnerunt
1051 3181 1078 3235 P
1167 3180 1317 3252 optinuerit
1339 3179 1361 3234 0

212 3272 294 3342 9an
314 3271 340 3324 L
413 3271 446 3324 10
465 3271 502 3324 sit
520 3271 609 3341 magis
632 3270 766 3325 OALBP
843 3271 1015 3326 11recteR
1101 3287 1262 3341 omnemque
1281 3270 1361 3340 quio
1452 3318 1454 3320 .

215 3361 247 3413 12
268 3359 413 3415 concordet
430 3360 456 3414 L
528 3376 638 3430 prorsus
657 3378 708 3415 om.
730 3359 767 3414 Co
839 3361 901 3430 lege
920 3360 1047 3430 scrupulo
1068 3360 1174 3414 OABP
1228 3359 1261 3412 13
1280 3375 1360 3427 greco

215 3448 266 3503 00
318 3449 352 3503 14
370 3449 620 3520 interpraetationis
641 3449 691 3504 OC
740 3452 773 3504 11
793 3449 859 3502 odd.
879 3448 979 3502 FINIT
999 3447 1175 3504 CREGORII
1192 3437 1252 3502 EPI
1270 3447 1361 3502 NAN·

212 3537 368 3592 ZANZENI
391 3537 530 3593 INCIPIT
557 3536 837 3594 APOLOGETICUS
866 3538 906 3592 IN
933 3537 1100 3592 LATINUM
1127 3534 1361 3591 TRANSLATUS

211 3625 252 3680 IN
271 3625 391 3682 GRECO
407 3626 434 3680 R
452 3626 621 3682 EXPLICIT
640 3627 847 3682 PRAEFATIO
868 3626 945 3692 (add.
960 3626 1087 3682 RUFINI
1100 3644 1121 3680 a.
1137 3627 1168 3694 1.)
1187 3624 1362 3680 GREGORII

211 3704 273 3771 EPI
291 3714 499 3770 NAZANZENI
517 3714 655 3771 INCIPIT
670 3715 969 3771 APOLLOGETICUS
988 3714 1029 3770 IN
1042 3714 1210 3770 LATINUM
1229 3714 1361 3769 TRANS-

210 3803 326 3860 LATUS
347 3804 368 3858 E
388 3803 506 3860 GRECO
527 3804 723 3860 FELICITER
745 3805 768 3858 0
789 3805 927 3861 INCIPIT
951 3803 1252 3860 APOLLOCETICUS
1278 3801 1360 3858 CRE-

212 3893 316 3949 GORII
337 3893 546 3949 NAZANZENI
566 3883 626 3948 EPI
644 3893 754 3948 LlBER
772 3895 821 3948 DE
843 3893 961 3950 GRECO
981 3894 1022 3947 IN
1045 3893 1211 3948 LATINUM
1229 3892 1361 3947 TRANS-

210 3983 325 4038 LATUS
351 3983 379 4037 A
410 3983 511 4038 FINIT
546 3983 728 4038 PREFATIO
761 3983 896 4038 RUFINI.
928 3972 1032 4040 INCIP
1061 3981 1361 4038 APOLLOGETICUS

211 4071 253 4126 IN
274 4071 441 4127 LATINUM
463 4071 698 4127 TRANSLATUS
717 4073 741 4127 E
762 4071 879 4128 GRECC
907 4074 930 4127 C
950 4071 1143 4128 PROLOGUS
1165 4072 1266 4126 EXPL.
1289 4071 1363 4124 Lm2

213 4160 312 4215 FINIT
339 4160 520 4216 PREFATIO
549 4161 685 4216 RUFINI.
713 4150 815 4217 INCIP
838 4160 1139 4217 APOLLOGETICUS
1162 4161 1204 4214 IN
1225 4148 1362 4214 LATINI]

211 4248 446 4306 TRANSLATUS
462 4251 482 4304 1]
498 4249 617 4306 GRECO
633 4251 670 4304 M
686 4250 866 4307 EXPLICAT
885 4249 1091 4305 PRAEFATIO
1113 4249 1290 4305 GREGORII
1303 4237 1363 4303 EPI

212 4337 456 4394 NANZANZENI·
474 4327 579 4394 INCIP
594 4337 872 4396 APOLOCETICUS
891 4339 931 4393 IN
946 4338 1111 4393 LATINUM
1125 4337 1359 4393 TRANSLATUS
