3204 4996
213 429 243 494 X
660 427 952 496 Prolegomena

214 621 372 688 Graecum
399 623 456 688 sed
478 623 637 701 Latinum,
665 623 850 705 episcopum
873 623 997 687 scilicet
1013 623 1256 700 illiberitanum,
1283 627 1362 686 trac·

211 735 315 797 totum
337 735 482 794 nostrum
505 730 672 811 scripsisse
694 729 920 794 contenderent
942 730 1076 811 profecti
1099 730 1206 794 aloen
1225 730 1363 811 quodum

213 835 397 918 Hieronymi
424 836 485 916 (De
511 835 572 900 nir.
599 835 646 900 ill.
670 854 698 899 c.
725 835 815 916 105):
848 833 1031 916 Gregorius,
1059 834 1211 899 Baeticus
1236 834 1361 898 Elam

211 943 387 1023 episcopus,
422 961 520 1021 usque
555 942 600 1004 ad
630 945 799 1004 eatremam
828 946 1010 1004 senectutem
1042 942 1184 1006 dirrersos
1213 941 1363 1005 suediam-i

213 1068 353 1112 sermone
384 1051 571 1112 tractatus
600 1049 771 1128 corupasuit
797 1051 825 1110 ct
852 1047 905 1110 ‘de
928 1047 1025 1130 side’
1052 1047 1221 1129 elegantem
1247 1048 1362 1110 libreria

211 1153 362 1238 hodieque
387 1173 546 1234 ermaesse
573 1153 699 1217 dicitur.
733 1155 845 1218 horum
879 1159 985 1236 partes
1019 1158 1151 1219 secutus
1184 1155 1363 1237 nuperrime

213 1261 354 1324 Andreas
382 1260 534 1324 Wilmart
565 1281 628 1326 non
661 1261 763 1325 solnm
796 1264 967 1325 tractatum
994 1260 1047 1325 De
1069 1259 1145 1342 fide,
1177 1260 1233 1324 sed
1265 1262 1359 1324 etiam

213 1367 353 1451 quinque
376 1367 525 1432 homilias
549 1367 588 1430 de
608 1365 738 1431 (lentico
759 1367 962 1446 caseorum,
987 1387 1066 1450 qnss
1086 1365 1243 1432 Gotthold
1260 1367 1362 1430 Heine

212 1493 293 1538 anno
322 1474 408 1538 1848
436 1473 558 1555 publici
589 1474 668 1537 iuris
700 1475 827 1550 fecerat,
860 1479 892 1536 et
923 1474 1064 1538 famosos
1091 1474 1165 1537 illos
1194 1475 1363 1538 Tractatus

216 1577 363 1661 Origcm's
376 1579 431 1662 qui
445 1580 594 1644 dicuntur
604 1578 751 1664 Gregorii
760 1580 946 1644 illiberitani
958 1599 1030 1644 esse
1040 1580 1184 1644 euincere
1193 1581 1319 1644 studuit
1339 1584 1361 1660 ).

212 1687 265 1749 cni
298 1687 468 1750 oblocutus
495 1686 653 1750 Henrions
681 1687 807 1750 Breaer
837 1686 898 1750 tria
930 1687 1084 1768 opuscula
1110 1688 1205 1750 nnius
1232 1687 1361 1768 quidem

212 1793 376 1874 scriptoris
400 1812 470 1857 esse
494 1793 661 1870 concessit,
685 1793 741 1858 sed
763 1792 914 1857 Rufinum
938 1796 1100 1856 auctorem
1122 1812 1193 1856 esse
1215 1793 1360 1870 uoluit2).

258 1903 303 1963 Ac
327 1899 365 1963 de
389 1899 552 1969 codicibus
576 1901 714 1982 quidem,
739 1901 855 1982 quibus
879 1903 1036 1964 tractatus
1059 1897 1112 1962 De
1126 1898 1194 1981 fide
1215 1899 1361 1976 traditur,

213 2005 451 2070 accuratissime
488 2007 555 2090 egIt
584 2007 726 2070 Andreas
758 2007 907 2070 Wilmart
943 2007 975 2069 in
1013 2007 1278 2071 commentatione
1310 2005 1361 2069 La

212 2110 368 2175 tradition
390 2111 445 2176 des
470 2112 629 2192 apuscutes
655 2113 868 2195 dopmatiques
899 2114 937 2176 rte
965 2111 1156 2188 Focbadius,
1189 2113 1362 2195 (trenortio

211 2216 439 2297 illiberitanae,
458 2217 687 2303 ·Faustiuus³).
716 2221 819 2282 exstet
841 2219 941 2302 igitur
962 2223 1119 2283 tractatus
1143 2238 1252 2283 carens
1274 2239 1361 2300 prae-

213 2323 330 2387 tatione
359 2324 391 2386 et
418 2323 543 2406 epilogo
571 2323 604 2387 in
632 2324 796 2388 codicibus
824 2325 910 2388 baud
937 2326 1058 2407 paucis,
1086 2325 1118 2388 in
1147 2325 1263 2406 quibus
1288 2343 1361 2387 cnm

212 2429 374 2494 Ambrosii
406 2429 530 2506 duobus
564 2430 721 2512 prioribus
749 2430 840 2495 libris
868 2429 920 2494 De
938 2429 1006 2514 fide
1033 2430 1077 2495 od
1108 2430 1303 2494 Gratianum
1330 2435 1363 2494 et

211 2535 293 2601 actis
330 2535 456 2600 concilii
487 2535 701 2617 Aquileiensis
733 2537 824 2620 (381)
857 2538 1046 2602 coniunctus
1083 2539 1202 2621 legitur
1233 2538 1361 2619 quique,

213 2661 405 2724 quamquam
424 2643 587 2706 saeculnm
607 2662 723 2708 nonum
743 2643 797 2708 nel
815 2643 974 2708 decimum
992 2663 1053 2708 non
1066 2639 1237 2727 superant,
1256 2649 1363 2708 tamen

213 2749 252 2812 ad
280 2749 360 2813 sexti
388 2749 510 2813 saeculi
537 2749 695 2832 exemplar
721 2749 891 2832 quoddam,
921 2750 1013 2814 cuins
1037 2750 1176 2835 uestigia
1198 2751 1229 2813 in
1255 2750 1362 2815 codice

212 2855 354 2919 Parisino
379 2854 489 2919 Latino
515 2857 599 2920 8907
624 2856 741 2921 litteris
768 2855 947 2920 uncialibus
972 2856 1099 2920 saeculo
1124 2860 1213 2920 sento
1243 2857 1360 2937 scripto

210 2962 330 3037 insunt,
359 2960 499 3026 redeunt.
528 2962 627 3026 altere
653 2961 755 3027 libelli
782 2962 883 3026 forma
904 2963 1037 3045 prologo
1062 2966 1094 3027 et
1117 2963 1243 3046 epilogo
1268 2967 1361 3026 ancta

211 3066 416 3149 praecedente
430 3072 593 3149 praeterea
606 3069 742 3132 termula
755 3067 998 3133 fidei'Nicaenae
1014 3073 1046 3133 et
1061 3070 1275 3152 subsequente
1291 3087 1360 3133 eon·

212 3173 347 3238 sessione
363 3175 497 3255 quadam
512 3173 586 3237 fidei
605 3173 755 3250 (Libellus
764 3173 846 3257 fidei
859 3174 919 3238 XX
932 3176 975 3239 49
990 3175 1038 3260 Μ)
1053 3175 1216 3240 codicibus
1232 3176 1361 3257 quibus·

211 3279 283 3343 dnm
295 3279 470 3344 Rufinienis
484 3281 752 3362 interpretationis
767 3282 944 3345 orationum
957 3281 1221 3364 Gregorianernm
1237 3287 1362 3346 seruate

211 3389 271 3465 est,
297 3386 404 3452 codIce
429 3385 598 3452 Oroniensi
622 3387 780 3451 Laudiano
803 3387 1361 3465 Mssc.276saee.1x-X‚codice

211 3493 366 3578 Aegiensi
409 3489 541 3559 CXVIII
583 3513 665 3557 saec.
703 3494 834 3572 ΙΧ-Χ,
874 3495 1037 3560 codicibus
1074 3495 1257 3560 Monacensi
1294 3497 1361 3561 Lat.

258 3647 277 3716 1)
296 3649 423 3703 Butlctiu
442 3649 474 3702 de
492 3647 662 3704 litterature
679 3650 894 3719 Ecclesiasticus
914 3651 982 3705 1906
1002 3670 1027 3720 p.
1046 3633 1198 3706 233ss299.
1289 3669 1292 3673 ·

257 3737 277 3804 ²)
296 3737 358 3791 Das
374 3745 542 3806 sopeuaautc
555 3738 808 3792 Atbauaeiautsebe
829 3738 1133 3792 Glaubeasbelceuutais
1151 3740 1196 3793 ctu
1214 3739 1297 3793 Werlc
1316 3739 1361 3792 dee

209 3825 328 3896 deilipeu
337 3825 499 3881 Ambrosius
512 3827 719 3898 (Forecbuupea
731 3844 782 3880 eur
795 3828 970 3882 christlicbeu
979 3827 1138 3881 Literatur-
1152 3828 1214 3882 uad
1222 3827 1361 3896 Douma-

208 3915 366 3984 pcsciu'cbte,
385 3916 598 3984 berauepepebeu
611 3933 664 3970 coa
678 3915 814 3970 Ebrbard
825 3918 885 3970 aad
898 3917 1002 3970 Kirscb
1015 3916 1053 3968 IX
1067 3915 1094 3984 2)
1109 3915 1266 3970 Pederborn
1282 3918 1359 3971 1909.
1464 3927 1465 3932 ’

212 4003 344 4058 Excussae
362 4003 387 4058 1:
411 4002 496 4058 Ucber
514 4003 577 4058 Zeti
598 4004 659 4058 auct
681 4005 824 4072 Versaseer
847 4005 895 4058 oter
913 4005 1084 4060 Eubortatu'o
1108 4004 1136 4058 S.
1161 4005 1303 4058 Ambrosii
1322 4005 1361 4058 ad

209 4092 360 4161 ucopbytoo
378 4092 411 4147 de
429 4091 567 4161 sambore,
588 4093 633 4154 des
656 4093 788 4147 Trattats
807 4094 839 4148 dc
856 4094 929 4148 Fide
948 4094 1102 4150 orthodoxa
1122 4099 1221 4148 coutra
1235 4095 1360 4149 Ariauos

209 4181 272 4236 suad
289 4182 337 4236 der
354 4197 409 4251 sog.
432 4181 584 4236 Trattatus
606 4181 730 4252 Ortpem'e
748 4201 774 4252 p.
796 4184 945 4240 lsi-178.

257 4270 277 4337 3)
295 4271 365 4325 Acta
388 4270 542 4326 academiae
570 4273 723 4326 litterarum
746 4271 976 4341 lliudobonensis,
1001 4273 1095 4328 classis
1125 4273 1281 4342 phil-hist„
1305 4273 1361 4328 nol.

210 4359 295 4418 onix
316 4361 329 4413 1
349 4377 374 4430 p.
395 4361 491 4414 e-sl.
