3204 4996
221 389 321 454 LXlV
648 381 942 450 Prolegornena.

224 585 370 670 μάτωσιν,
411 581 482 657 6116,
521 584 577 643 666
615 580 763 650 mutaret,
801 575 894 640 uelut
924 596 954 658 p.
989 575 1065 652 266,
1100 577 1140 639 13
1166 595 1269 658 66666
1301 572 1369 662 (pro

224 695 336 770 666666
355 688 386 750 16
410 685 455 774 o),
481 686 555 758 266,
580 685 621 749 16
646 684 790 766 quisquis
812 702 868 764 pro
893 683 1029 762 potsque,
1053 682 1122 745 6116.

269 794 375 858 Tertia
417 791 515 856 editio
552 791 626 873 post
663 788 910 871 quadringentos
943 787 1007 852 fere
1040 807 1136 852 annos
1168 792 1276 853 nostra
1309 793 1369 865 666

226 900 373 985 quoniam
397 899 480 963 enim
498 899 604 981 patres
623 896 761 960 Maurini
779 895 810 958 in
832 893 977 978 Gregorii
996 894 1132 960 editione
1151 915 1250 960 unum
1268 896 1372 960 1161161

226 1008 395 1092 prologum
432 1004 587 1069 edendum
625 1004 827 1083 curauerunt,
869 1001 964 1065 etiam
1002 1001 1109 1084 Migne
1145 1002 1206 1068 hoc
1242 993 1372 1088 prologo

226 1112 435 1196 imprimendo
459 1113 626 1176 contentus
651 1111 718 1172 eret
741 1106 790 1194 (P.
811 1107 864 1172 Gr.
884 1107 1020 1172 XXXVI
1040 1106 1128 1194 736).
1147 1109 1258 1173 multis
1277 1110 1375 1193 igitur

228 1222 352 1305 gratum
371 1238 428 1283 nos
448 1218 587 1281 facturos
607 1235 781 1298 speremus,
806 1215 833 1277 si
852 1215 958 1280 Rufini
974 1215 1277 1298 interpretationem,
1298 1235 1375 1299 quae

228 1327 266 1390 ab
291 1325 431 1407 antiquis
456 1321 660 1404 occidentalis
686 1321 838 1386 ecclesiae
862 1321 1081 1405 scriptoribus,
1109 1323 1163 1404 qui
1188 1321 1376 1407 Gregorium

228 1431 462 1498 Nazianzenum
487 1429 648 1506 curabant,
671 1428 736 1491 fere
760 1427 829 1491 6616
846 1428 878 1491 16
896 1447 991 1492 usum
1009 1432 1125 1493 666666
1149 1432 1278 1494 estnec
1302 1449 1377 1495 uero

230 1538 292 1602 nisi
320 1535 513 1601 editionibus
540 1533 712 1598 rarissimis
742 1536 774 1598 et
801 1533 1070 1599 insufficientibus
1087 1553 1199 1618 usque
1228 1528 1267 1600 a'd
1295 1536 1377 1600 hunc

231 1644 314 1707 diem
338 1643 472 1726 uulgata
496 1642 570 1720 erat,
594 1640 874 1723 publicauerirnus.

256 1748 497 1830 Ι(1661166666
521 1749 694 1811 tractatum
720 1747 863 1828 spurium
889 1745 939 1810 De
955 1745 1023 1828 fide
1045 1767 1083 1810 66
1110 1748 1293 1832 appendicis
1313 1751 1380 1832 qui·

232 1859 304 1921 dem
335 1858 406 1920 loco
441 1855 516 1918 huic
549 1855 705 1918 uolumini
737 1855 942 1931 inseruimus,
977 1874 1012 1918 ea
1051 1859 1116 1919 erat
1153 1875 1257 1933 66666,
1297 1855 1381 1938 quod

232 1964 372 2028 Andreas
388 1961 539 2026 Wilmart
555 1961 648 2024 illum
668 1961 815 2025 libellum
834 1981 896 2025 666
916 1981 986 2025 666
1002 1961 1176 2026 Phoebadii
1191 1966 1223 2026 et
1237 1963 1383 2027 Faustini

120 2085 127 2096 '
234 2068 397 2153 opusculis
421 2068 613 2153 dogmaticis
637 2067 821 2150 propediem
843 2069 875 2132 in
899 2068 958 2132 hoo
983 2069 1172 2152 scriptorum
1193 2070 1382 2135 ecclesiasti-

234 2195 343 2241 corum
366 2175 551 2239 Latinorum
577 2173 762 2240 collectione
786 2175 1008 2256 publicatorus
1032 2181 1089 2240 est.

281 2284 310 2346 2.
343 2282 464 2358 Restat,
503 2284 540 2344 ut
577 2281 621 2345 de
659 2282 861 2346 editionis
895 2285 1060 2348 nostrae
1092 2284 1250 2348 ratione
1284 2303 1385 2366 pauca

236 2389 333 2454 uerba
355 2387 519 2452 faciamus.
544 2390 639 2471 atque
664 2388 806 2471 singulas
830 2390 987 2453 orationes
1010 2390 1041 2453 in
1061 2389 1224 2454 codicibus
1246 2389 1385 2472 capitum

236 2495 291 2560 uel
315 2494 491 2558 sectionum
517 2495 616 2578 signis
640 2496 694 2558 uel
722 2495 861 2559 numeris
890 2495 965 2560 olim
990 2495 1090 2562 161666
1114 2497 1280 2561 distinctas
1303 2497 1335 2560 16
1358 2497 1388 2560 n

238 2601 378 2685 uestigia
392 2601 547 2682 quaedam
563 2604 686 2666 exstant
705 2599 866 2688 (utsupra
880 2601 1064 2690 pXXVll),
1080 2603 1135 2668 sed
1149 2603 1297 2686 pauciora
1313 2605 1389 2666 sunt

239 2727 333 2790 quam
371 2728 450 2791 quae
483 2709 576 2773 hodie
610 2710 639 2773 in
673 2728 767 2773 usum
799 2710 906 2773 uocari
938 2710 1071 2790 possint.
1108 2710 1257 2793 quoniam
1289 2710 1389 2794 igitur

218 2815 337 2896 (editio
371 2833 496 2897 quoque
523 2815 669 2897 princeps
699 2815 911 2898 capitulorum
938 2817 1077 2880 numeris
1106 2820 1200 2894 caret,
1232 2818 1388 2881 lectorum

241 2922 405 2988 commodo
435 2923 637 2986 consulentes
665 2923 727 3004 ipsi
761 2921 902 3004 singulas
936 2923 1092 2988 orationes
1125 2925 1155 2988 in
1188 2927 1239 2988 tot
1275 2924 1389 3006 capita,

242 3030 321 3109 quot
339 3028 371 3090 in
387 3027 532 3112 Gregorii
552 3027 743 3093 editionibus
763 3027 960 3092 iamdudum
979 3031 1188 3112 reperiuntur,
1209 3031 1388 3094 diuisimus.

241 3134 313 3198 inde
337 3134 457 3198 tactum
482 3138 539 3212 est,
564 3137 602 3198 ut
625 3134 785 3198 nonnullis
808 3133 897 3210 locis,
923 3135 1037 3216 quibus
1057 3137 1160 3219 capita
1180 3135 1391 3202 Graecarum

243 3239 365 3306 latinis
389 3260 449 3305 non
475 3242 691 3324 congruerent,
716 3240 811 3304 huius
832 3240 945 3322 capitis
965 3261 1114 3308 numerus
1134 3262 1197 3306 666
1216 3262 1288 3307 oum
1308 3245 1391 3307 ante·

246 3347 376 3412 cedente
403 3348 637 3430 imprimeretur
664 3343 718 3431 (cf.
747 3367 776 3430 p.
806 3348 859 3422 30,
884 3349 936 3410 21.
966 3349 1019 3424 72,
1046 3349 1096 3413 16.
1123 3350 1174 3427 75,
1200 3350 1228 3413 6.
1259 3351 1310 3430 76,
1340 3351 1391 3413 12.

247 3456 299 3532 77,
326 3455 376 3520 17.
403 3456 476 3536 144,
503 3455 531 3518 6.
555 3455 634 3531 237,
654 3452 722 3539 21).
746 3454 889 3536 longiora
914 3455 1017 3538 capita
1040 3455 1178 3519 numeris
1202 3456 1232 3518 in
1253 3456 1393 3539 margine

246 3561 359 3643 positis
389 3561 600 3627 distinximus.
627 3561 659 3623 in
687 3561 783 3624 rebus
812 3561 1064 3644 orthographicis
1092 3561 1247 3646 scriptura
1275 3562 1394 3627 codicis

1179 3649 1186 3663 t

247 3667 564 3750 Rrepreesentatur‚
598 3686 692 3748 quarn
725 3667 907 3750 religiosius
942 3669 1038 3733 etiam
1067 3688 1159 3749 quam
1192 3669 1312 3733 factum
1346 3671 1396 3733 est

248 3773 436 3838 seruandam
459 3773 559 3836 fuisse
583 3792 678 3854 supra
702 3773 912 3855 exposuimus.

294 3980 555 4047 Vindobonae
578 4001 686 4046 mense
711 3982 860 4066 Augusto
884 3986 956 4048 anni
979 3983 1190 4051 Muoooox.
1298 3945 1300 3948 Ι

773 4309 775 4314 ’
841 4251 844 4258 ’
894 4281 1075 4364 Augustus
1098 4269 1378 4365 116661166616.ι
