3228 4978
241 419 303 482 170
755 413 869 466 aurini

238 613 408 693 posteram,
436 627 476 673 ne
505 607 575 690 quis
604 627 673 672 eam
701 607 841 672 inueniat
868 611 1029 690 patentem
1058 627 1093 670 ex
1122 607 1182 686 his,
1212 607 1267 689 qni
1294 610 1386 670 antea

239 717 339 782 nostri
376 735 445 780 esse
481 714 681 792 uidebantur,
715 717 746 780 et
776 713 940 797 ingressus
973 717 1010 777 ut
1041 712 1187 796 proprius
1218 712 1387 777 insidietur

241 827 273 888 et
296 822 434 905 decipiat
460 825 497 885 ut
520 821 653 885 alienus.
686 821 806 884 multae
831 820 915 884 enim
938 824 970 884 et
993 819 1098 884 uariae
1122 822 1197 884 sunt
1219 819 1308 882 illius
1332 819 1387 901 qui

239 931 316 994 haec
335 928 471 1012 instigat
489 931 520 992 et
539 929 686 1010 operatur
705 925 842 991 astutiae
862 929 895 990 et
913 925 1020 990 nullus
1040 930 1090 990 est
1103 926 1178 990 talis
1193 925 1387 990 architectus

238 1036 364 1118 iniquae
395 1033 639 1098 constructionis
670 1052 727 1099 nec
757 1031 872 1114 aliquis
902 1032 976 1097 talis
1007 1037 1062 1096 est·
1079 1032 1224 1114 sophista
1245 1031 1389 1095 malitiae
1420 1050 1434 1093 o

196 1150 211 1202 3
240 1142 324 1206 sicut
353 1140 554 1204 aduersarius
584 1142 692 1204 noster
722 1137 878 1204 diabolus.
912 1139 1009 1202 timeo
1038 1142 1069 1202 et
1096 1138 1156 1201 hoc
1185 1137 1269 1220 quod
1291 1137 1387 1202 uideo
1498 1146 1501 1152 '

240 1248 334 1312 etiam
366 1265 459 1311 canes
490 1243 647 1310 adfectare
679 1245 716 1310 ad
742 1244 884 1310 officium
908 1244 1077 1327 pastorale,
1107 1244 1192 1326 quod
1216 1248 1248 1308 et
1271 1245 1389 1308 mirum

239 1354 377 1430 uidetur,
408 1352 543 1418 maxime
577 1372 648 1417 cum
682 1352 763 1417 nihil
794 1352 825 1414 iu
860 1355 963 1416 semet
992 1351 1071 1432 ipsis
1102 1352 1270 1436 pastoralis
1300 1364 1390 1433 pras·

240 1459 421 1544 parauerint
452 1458 647 1540 disciplinae,
680 1457 737 1522 sed
767 1457 884 1522 laniare
916 1457 1041 1522 tantum
1074 1461 1106 1521 et
1135 1456 1313 1540 discerpere
1345 1457 1391 1521 di-

241 1565 375 1630 dicerint
403 1569 435 1628 et
462 1564 616 1647 dissipare
641 1564 760 1628 alienos
782 1564 917 1642 labores,
943 1563 1017 1645 quia
1039 1563 1165 1627 facilius
1189 1568 1240 1628 est
1264 1579 1434 1646 semperne

240 1674 369 1755 perdere
398 1691 491 1754 quam
521 1689 706 1736 conseruare
730 1675 772 1748 et,
797 1671 881 1735 sicut
904 1671 950 1734 ait
971 1670 1039 1747 Iob,
1063 1671 1176 1734 homo
1201 1671 1391 1734 nascitur

241 1799 309 1862 per
327 1778 515 1856 laborem,
535 1777 642 1843 labore
660 1779 832 1842 fabricatur
850 1777 952 1853 nauis,
968 1796 1023 1860 per
1036 1778 1176 1842 laborem
1193 1777 1391 1842 construitur

242 1886 366 1962 domus,
384 1885 496 1967 punire
514 1904 589 1950 uero
604 1884 762 1949 hominem
777 1885 830 1950 uel
843 1903 957 1949 nauem
972 1885 1174 1968 submergere
1189 1883 1242 1948 uel
1258 1884 1388 1948 domum

241 1992 406 2058 incendere
439 2011 517 2075 opus
547 1995 656 2074 potest
686 2009 756 2056 esse
786 1991 883 2055 etiam
914 1991 1024 2054 inertis
1054 1991 1211 2072 cuiusque
1236 1993 1268 2054 et
1293 1991 1389 2054 otiosi

197 2111 215 2162 4
242 2098 326 2164 unde
359 2119 397 2164 ne
430 2118 512 2163 nunc
545 2099 672 2181 quidem
705 2097 811 2181 magni
841 2098 961 2181 aliquid
991 2099 1096 2182 egisse
1127 2117 1161 2162 se
1191 2100 1307 2181 putent
1336 2097 1391 2180 qni
1410 2114 1437 2160 re

243 2223 336 2270 canes
373 2205 543 2269 aduersum
581 2224 709 2289 gregem
747 2206 799 2268 uel
836 2204 1005 2269 aduersum
1042 2207 1201 2287 pastorem
1237 2203 1393 2287 instigare

245 2311 456 2389 constitum,
480 2312 534 2394 qui
558 2316 642 2378 certe
664 2331 725 2376 non
748 2315 898 2394 poterunt
920 2313 1048 2396 gloriari
1072 2313 1156 2394 quod
1182 2331 1274 2376 unam
1300 2331 1392 2377 ouem

245 2417 284 2482 ad
313 2417 411 2482 ouilia
433 2417 591 2483 dominica
610 2419 887 2503 ,congregauonint
920 2437 981 2482 non
1006 2419 1087 2483 enim
1112 2418 1291 2483 didicerunt
1313 2418 1393 2483 bene

245 2523 357 2602 facore,
388 2524 575 2589 conturbare
604 2545 679 2590 uero
711 2543 839 2610 gregem
869 2526 930 2590 hoc
958 2530 989 2589 et
1014 2525 1097 2590 atris
1125 2526 1218 2590 turbo
1247 2525 1393 2589 modicus

244 2632 331 2706 facit,
360 2631 420 2697 hoc
448 2632 564 2698 accidit
592 2635 624 2696 et
650 2652 706 2714 per
729 2633 831 2697 morbi
855 2633 990 2698 alicuius
1013 2633 1209 2716 languorem,
1232 2632 1310 2696 facit
1332 2633 1393 2695 hoe
1411 2649 1437 2692 eo

246 2741 279 2802 et
310 2739 412 2802 bestia
444 2739 551 2804 subito
584 2743 679 2821 atque
713 2759 748 2804 ex
780 2739 942 2821 inprouiso
974 2739 1125 2823 gregibus
1156 2739 1392 2820 superueniens.

292 2848 322 2909 4.
346 2845 434 2910 Haec
458 2864 516 2928 ogo
540 2846 673 2910 timidus
697 2849 815 2929 pastor,
841 2846 894 2928 qui
913 2865 968 2930 pro
988 2847 1091 2910 multa
1110 2845 1394 2927 circumspectione

248 2956 280 3017 et
303 2953 428 3016 cautela
447 2953 541 3017 'uelut
564 2953 671 3036 segnis
696 2956 729 3017 et
747 2953 927 3018 desidiosus
945 2953 1083 3018 incusor.
1107 2952 1242 3017 sednon
1263 2955 1337 3033 opto
1358 2971 1393 3014 ex

247 3057 312 3121 illis
327 3057 507 3140 pastoribus
522 3058 667 3136 inueniri,
684 3058 738 3140 qui
752 3060 801 3122 lac
817 3057 944 3140 quidem
960 3058 1130 3122 comedunt
1144 3061 1175 3121 et
1187 3057 1269 3122 lanis
1281 3057 1393 3141 adope-

247 3165 371 3227 riuntur
394 3167 426 3227 et
449 3164 534 3246 quod
557 3183 698 3228 crassum
724 3167 771 3230 est
795 3163 944 3248 iugulant
967 3167 999 3228 et
1021 3164 1128 3229 laboro
1152 3163 1322 3227 conficiunt
1341 3163 1394 3229 uel
1410 3190 1436 3234 25

340 3373 370 3426 11
392 3373 441 3426 Iob
461 3373 486 3442 5,
506 3374 521 3428 7
577 3375 612 3427 24
631 3373 662 3426 cf.
682 3373 778 3426 Enoch.
797 3374 840 3436 34,
860 3374 875 3426 3

287 3513 299 3566 1
321 3515 485 3584 posterulam
508 3514 593 3569 Cm2o
611 3517 716 3583 portam
736 3530 769 3567 ecc
787 3518 924 3584 posteram
943 3513 1018 3569 nmo
1139 3531 1169 3568 ex
1187 3513 1230 3568 his
1250 3514 1295 3582 qni
1314 3518 1395 3590 antea

250 3605 335 3656 nostri
359 3620 417 3656 esso
441 3603 604 3657 uidebantur
627 3607 692 3670 (τῶν
715 3605 782 3674 χθὲς
806 3603 963 3676 ἡμετέρων)]
990 3604 1056 3657 eleis
1079 3604 1126 3673 qui
1154 3607 1235 3658 antea
1260 3590 1308 3656 ἷιῖι
1336 3619 1395 3655 esse

250 3691 413 3755 uidebantur
431 3692 459 3746 R
514 3693 648 3746 2nostris
672 3693 698 3745 V
769 3709 826 3746 esse
845 3709 896 3746 om.
913 3693 951 3746 Co
1024 3696 1051 3747 et
1068 3691 1171 3760 ‹2pr
1243 3693 1353 3762 propius
1372 3691 1398 3744 V

251 3781 457 3835 3enimom.A
510 3782 612 3834 4talis
632 3797 682 3835 om.
707 3781 733 3834 V
790 3782 934 3835 arcitectus
954 3783 981 3836 R
1035 3782 1164 3835 5sofista
1181 3780 1264 3835 ROO
1316 3781 1394 3834 bna-

250 3869 330 3923 bnlus
353 3868 454 3938 Op.c.A
527 3871 641 3924 leones
660 3869 806 3932 chanesO
878 3870 932 3939 affl]
953 3871 1105 3938 aspirareo
1177 3869 1211 3934 ad
1231 3867 1395 3923 officiumR

252 3959 267 4011 9
286 3957 496 4026 peredidicerint
514 3959 541 4012 R
651 3959 683 4012 12
702 3975 751 4027 per
768 3959 835 4027 leb]
856 3959 890 4012 ad
907 3959 1027 4012 laborem
1045 3976 1062 4014 o
1173 3958 1352 4021 fabricabitur
1373 3957 1396 4010 O

253 4047 286 4100 13
305 4047 395 4099 nanim
414 4045 552 4113 A,Cp.c.‚o
620 4048 653 4100 14
673 4046 765 4115 etiam]
787 4050 814 4100 et
832 4051 923 4100 tamen
948 4047 974 4100 V
1030 4049 1063 4101 15
1082 4064 1110 4102 so
1129 4065 1180 4102 om.
1204 4047 1231 4101 V
1283 4047 1316 4101 16
1336 4063 1395 4116 gre·

252 4152 313 4203 gom
332 4134 377 4188 uel
395 4135 538 4188 aduersum
558 4152 609 4190 om.
628 4135 655 4190 R
765 4136 797 4190 17
817 4136 937 4204 poterint
954 4137 1033 4204 Ape.
1090 4173 1092 4175 -
1142 4137 1244 4191 19'hoo
1264 4140 1396 4192 eternae

252 4224 287 4278 20
306 4223 410 4276 accedit
432 4223 505 4277 Orac.
577 4225 716 4292 langorem
740 4224 766 4277 V
817 4225 850 4278 23
869 4225 991 4279 incursor
1013 4225 1063 4282 ΘΑ
1105 4219 1161 4279 ’24
1179 4226 1397 4281 commeduntO

253 4310 395 4365 comedent
418 4313 441 4365 V
514 4313 670 4380 operiuntur
687 4313 724 4366 Co
777 4315 812 4368 25
832 4318 860 4367 et
877 4313 981 4383 labore]
1001 4316 1028 4368 in
1047 4314 1140 4368 labore
1159 4314 1186 4369 R
