3194 4982
238 413 301 476 152
756 406 874 462 Rufini

237 605 363 671 Christo
379 608 412 669 et
425 604 626 669 condemnari
641 604 678 668 ab
694 604 876 670 hominibus
891 622 946 687 pro
961 604 1053 670 uobis
1069 604 1203 668 libenter
1218 604 1383 685 aoeipium3

235 716 361 778 tantum
384 712 490 776 uenite
514 714 545 776 et
569 714 672 776 estote
695 711 860 776 nobiseum
885 715 917 775 et
939 710 1113 777 trinitatem
1137 711 1232 776 nnius
1258 711 1384 774 deitatis

193 825 208 878 5
237 819 448 885 communiter
467 818 644 884 adoremus.
669 819 707 882 de
726 819 798 883 aliis
817 837 892 883 uero
913 819 990 901 qnid
1009 817 1122 895 dieam,
1146 819 1201 900 qui
1219 818 1386 882 manifeste

237 926 356 991 mortui
380 928 465 1003 sunt,
490 944 569 1006 quos
590 924 690 990 solius
711 923 830 990 Christi
849 927 899 990 est
917 925 1107 989 resuscitare
1127 945 1143 988 a
1162 926 1309 1002 mortuis,
1334 924 1386 1006 qui

239 1032 327 1098 solus
350 1030 552 1098 uiuifioat
575 1035 754 1096 mortuos
775 1036 814 1095 et
831 1035 950 1096 uoeet
969 1049 1069 1114 quae
1088 1051 1162 1110 non
1183 1034 1277 1095 sunt
1296 1034 1387 1094 tam·
1420 1053 1433 1094 s

239 1159 351 1224 quam
382 1157 481 1222 quae
510 1140 627 1202 sunt?
655 1137 804 1202 Arrianos
833 1139 866 1202 et
887 1138 1101 1202 Eunomianos
1130 1138 1211 1214 dieo,
1237 1138 1292 1220 qui
1321 1139 1389 1204 sine

239 1263 335 1310 earrse
366 1246 447 1310 loeis
481 1244 646 1322 dissident,
680 1263 752 1308 oum
784 1242 914 1328 perfidia
942 1247 1123 1324 consonent,
1157 1245 1390 1310 conuentieulis

240 1354 434 1436 separentur,
455 1352 509 1433 qui
526 1351 677 1434 inpietate
697 1349 895 1434 copulantur,
916 1351 1032 1434 quique
1052 1350 1173 1415 similes
1188 1351 1268 1415 mihi
1282 1351 1391 1416 uiden-

238 1465 292 1524 tur
311 1459 412 1524 oeulis
433 1459 559 1536 strabis,
581 1459 635 1540 qui
654 1457 756 1522 auerti
774 1460 806 1521 et
825 1458 964 1522 auerseri
983 1477 1001 1522 a
1020 1477 1054 1522 se
1072 1459 1211 1522 inuitem
1231 1459 1392 1537 uidentur,

240 1585 313 1631 euni
346 1585 443 1630 unum
472 1565 603 1631 uideant
629 1569 661 1630 et
688 1583 748 1628 non
776 1563 897 1630 intuitu
925 1564 982 1629 sed
1008 1565 1167 1646 positione
1196 1565 1390 1643 discordent,
1409 1583 1436 1626 ro

241 1675 268 1740 si
287 1678 392 1739 tamen
412 1672 586 1737 disoordiae
605 1671 706 1755 magis
721 1672 811 1756 argui
826 1671 962 1736 debeant
976 1690 1071 1754 quam
1086 1657 1258 1737 eastitatis.
1278 1693 1392 1736 uerum

242 1779 388 1864 quoniam
413 1777 609 1844 sufficienter
632 1777 670 1842 ad
694 1797 752 1842 uos
778 1777 924 1856 diximus,
948 1763 1114 1843 redeamus
1138 1798 1249 1842 rursus
1268 1779 1308 1842 ad
1328 1780 1393 1862 spi-

240 1888 337 1952 ritum
366 1889 520 1950 sanetum.
550 1903 641 1967 spero
670 1887 775 1949 autem
804 1884 888 1966 qnod
917 1885 1011 1948 etiam
1041 1903 1099 1949 uos
1128 1884 1183 1967 qui
1212 1904 1309 1968 prope
1333 1887 1394 1950 nos'

241 1996 329 2071 estis,
355 2011 435 2075 quos
458 1991 593 2056 inuitaui
616 2011 672 2074 per
693 1991 839 2069 uerbum,
862 1991 926 2055 iam
951 1991 1128 2074 sequemini
1150 1991 1345 2056 redeuntem.

286 2101 316 2164 9.
340 2099 477 2181 Spiritus
501 2103 628 2162 sanetus
653 2101 721 2162 erat
743 2097 872 2180 quidem
895 2115 1021 2180 semper
1040 2100 1072 2161 et
1090 2101 1139 2162 est
1159 2101 1191 2162 et
1210 2098 1270 2162 erit
1288 2118 1391 2180 neque
1410 2118 1436 2163 re

241 2206 368 2270 initium
388 2203 492 2268 ullum
510 2223 610 2287 neque
629 2202 723 2268 finem
741 2203 870 2283 habens,
891 2202 947 2267 sed
965 2202 1047 2285 patri
1063 2221 1098 2267 ao
1112 2202 1178 2267 lilio
1193 2207 1391 2267 coaeternus.

241 2331 342 2394 neque
366 2311 447 2375 enim
472 2310 604 2395 dignum
624 2316 673 2374 est
692 2314 748 2374 aut
765 2309 866 2374 filium
887 2310 1054 2393 aliquando
1074 2309 1215 2374 defuisse
1233 2311 1316 2392 patri
1336 2314 1393 2374 aut

243 2418 388 2502 spiritum
417 2417 499 2495 filio;
526 2421 612 2482 esset
639 2419 721 2482 enirn
748 2416 779 2480 in
807 2417 951 2480 maximis
976 2416 1161 2480 defraudata
1184 2399 1336 2481 diuinitas
1360 2423 1392 2480 et

241 2526 411 2610 inglorium
441 2527 535 2607 atque
562 2524 727 2608 indignum
758 2525 934 2604 duceretur,
962 2524 988 2587 si
1017 2525 1108 2588 uelut
1135 2543 1171 2587 er
1198 2525 1393 2607 paenitentia

244 2638 276 2700 et
298 2633 499 2716 praepostero
523 2631 656 2697 oonsilio
680 2630 758 2695 deus
783 2631 822 2695 ad
845 2629 1047 2713 perfeetionis
1070 2613 1311 2712 plenitudinem
1324 2649 1390 2712 per·
1408 2649 1435 2692 ao

199 2750 215 2801 2
243 2739 396 2805 uenisset.
420 2741 488 2802 erat
510 2756 584 2820 ergo
609 2757 733 2820 semper
750 2736 953 2820 participium
973 2737 1023 2801 sui
1042 2740 1216 2819 praestans,
1241 2756 1303 2801 non
1321 2737 1391 2820 ipse

244 2845 370 2912 aliunde
388 2844 591 2927 participium
611 2863 750 2922 sumens,
769 2844 802 2907 id
822 2847 871 2910 est
891 2844 945 2926 qui
963 2845 1100 2926 repleret
1119 2845 1197 2908 alios
1213 2845 1263 2908 sui
1279 2844 1390 2927 gratia,

244 2972 304 3017 non
337 2953 405 3035 ipse
438 2951 564 3015 aliunde
592 2949 776 3033 repleretur,
811 2951 864 3033 qui
891 2951 1119 3032 perfectionem
1147 2953 1297 3032 praestet,
1330 2969 1389 3015 non

244 3060 390 3142 aooipiat,
416 3058 468 3141 qui
487 3057 617 3140 inpleat,
641 3075 702 3121 non
720 3057 887 3140 inpleatur,
904 3058 965 3140 ,qui
986 3057 1171 3133 sanctificet,
1196 3076 1257 3121 non
1279 3057 1392 3121 saneti-

244 3167 365 3244 fioetur,
391 3165 466 3229 deos
485 3164 590 3258 faeiat,
614 3183 675 3229 non
694 3163 763 3246 ipse
782 3163 836 3227 fiat
856 3163 945 3242 deus,
969 3163 1232 3242 inoonue'rtibilis,
1256 3164 1390 3228 inmuta·
1409 3185 1435 3230 aa

244 3273 330 3350 bilis,
352 3291 475 3353 semper
492 3271 575 3335 idem
597 3271 659 3335 sibi
674 3289 710 3336 au
723 3271 806 3353 patri
821 3273 853 3334 et
867 3270 943 3352 filio,
959 3269 1145 3348 inuisibilis,
1163 3270 1391 3352 intemporalia,

335 3412 351 3464 5
370 3411 447 3464 Rom:
465 3411 492 3479 4,
513 3410 545 3464 17

282 3520 298 3572 2
318 3519 417 3588 estete]
436 3520 508 3571 stete
526 3521 552 3582 (a
571 3534 603 3572 ex
624 3519 649 3584 o)
672 3516 695 3570 O
748 3518 765 3569 4
784 3517 915 3570 redimere
939 3517 964 3570 V
1016 3517 1032 3569 5
1052 3517 1200 3586 tamquam]
1221 3516 1286 3572 add.
1307 3533 1339 3570 ea
1362 3517 1394 3584 V,

246 3625 267 3662 e.
288 3608 305 3661 l.
324 3608 399 3662 Rma
488 3607 505 3660 6
525 3607 729 3660 eunominianos
747 3606 807 3660 RV
824 3607 998 3660 eunomianus
1021 3605 1043 3660 O
1124 3605 1140 3658 8
1158 3605 1187 3658 in
1206 3606 1348 3674 impietate
1366 3605 1394 3659 R

248 3696 368 3751 9trabis
387 3697 414 3751 R
433 3696 535 3749 serabis
556 3695 604 3766 (ph
622 3712 643 3749 a.
662 3696 691 3761 b)
714 3695 884 3750 Ostrabnlis
903 3696 929 3748 A
1007 3693 1145 3748 aduersari
1168 3693 1217 3748 OA
1292 3711 1394 3748 aerae

251 3785 281 3853 0,
300 3802 321 3840 a.
342 3773 404 3838 ta
476 3785 508 3838 10
527 3787 555 3838 et
575 3801 633 3837 cum
658 3783 708 3837 OA
773 3784 803 3838 11
825 3785 858 3852 si]
880 3799 908 3836 se
930 3783 1002 3851 Ope.
1078 3783 1111 3835 12
1130 3798 1236 3836 rursum
1260 3781 1395 3850 V,Cp.e.,v

250 3875 283 3928 14
302 3874 447 3944 sequimini
464 3873 519 3927 AG
555 3873 587 3928 16
607 3873 647 3944 ao]
669 3876 697 3926 et
714 3890 733 3927 a
769 3875 802 3927 19
821 3874 844 3926 si
864 3872 948 3940 uelut]
969 3871 1049 3925 aliter
1067 3871 1124 3924 siue
1144 3874 1176 3924 ut
1195 3887 1225 3924 ex
1244 3871 1395 3939 penitentie

248 3965 405 4034 prepostero
425 3963 520 4017 cosilio
540 3963 597 4016 siue
617 3966 649 4014 ut
667 3978 698 4014 ex
717 3961 868 4031 penitentia
888 3963 916 4013 et
934 3975 1007 4029 prep.
1028 3974 1099 4012 eons.
1115 3945 1145 4012 v*
1185 3958 1229 4011 uel
1247 3957 1271 4010 Ο
1323 3959 1396 4028 peni-

249 4053 351 4105 tentiae
374 4052 448 4120 Ope.
494 4051 528 4105 20
548 4055 577 4105 et
596 4048 708 4104 eran
741 4050 787 4102 “22
806 4049 911 4118 gratiae
930 4048 957 4101 V
1004 4047 1038 4100 23
1052 4051 1118 4115 poet
1137 4045 1245 4100 aliunde
1264 4051 1346 4114 repet.
1364 4062 1397 4100 ea

248 4159 276 4195 aa
297 4144 337 4194 22
354 4141 578 4210 partio—gratia
596 4140 623 4194 R
723 4143 751 4192 et
768 4155 822 4191 non
841 4137 957 4206 accipiat
979 4135 1042 4190 ooo
1062 4138 1090 4189 et
1108 4151 1161 4188 non
1181 4135 1298 4204 aooipiet
1315 4137 1357 4202 (at
1374 4149 1395 4188 s.

250 4229 335 4300 ettR
354 4247 407 4283 non
426 4231 542 4300 aeoipiet
561 4233 586 4281 A
650 4229 685 4282 24
704 4229 752 4283 att.
772 4229 836 4297 non]
858 4237 958 4281 etnon
978 4226 1089 4281 cedde
1152 4225 1187 4278 25
1207 4211 1284 4278 d‘so
1337 4224 1395 4276 in·

251 4319 451 4374 commutabilis
469 4321 496 4372 A
551 4319 584 4371 26
605 4321 632 4372 et
651 4317 838 4388 intemporalis
856 4319 884 4371 A
1153 4301 1156 4305 ’
1255 4341 1258 4348 ¹
1393 4341 1395 4346 ⁴
