3204 4996
549 1141 729 1207 LECTORI
750 1141 909 1208 EDITOR
933 1141 1140 1236 SALUTEM.

308 1284 508 1348 Iohannes
532 1283 706 1363 Wrobel,
735 1283 896 1366 professor
920 1285 997 1350 olim
1019 1285 1240 1352 uniuersitatis
1265 1285 1415 1353 Gemoni-

264 1388 390 1467 oiensis,
420 1407 492 1454 oum
522 1390 593 1454 ante
620 1389 694 1471 plus
722 1389 840 1474 uiginti
864 1409 961 1456 annos
988 1390 1022 1456 id
1049 1411 1166 1458 munus
1191 1393 1228 1457 ab
1254 1393 1415 1458 academia

263 1497 441 1561 litterarum
482 1495 721 1561 vindobonensi
768 1499 972 1580 suscepisset,
1019 1502 1056 1562 ut
1092 1497 1199 1563 Rufini
1239 1499 1416 1582 presbyteri

262 1602 477 1686 Aquileiensis
497 1602 615 1684 scripta
634 1602 760 1686 propria
778 1604 1413 1688 unacumeiusdeminterpretationibus

264 1728 394 1792 operum
427 1707 620 1775 Graecorum
651 1710 683 1774 in
718 1709 854 1792 Corpore
887 1708 1084 1794 Scriptorum
1116 1711 1414 1778 Ecclesiastioorum

263 1815 447 1880 Latinorum
481 1815 596 1893 ederet,
629 1835 754 1880 summa
785 1814 941 1880 industria
970 1817 1133 1902 ingentem
1159 1817 1229 1882 fere
1261 1818 1414 1882 librorum

263 1941 358 1986 mann
382 1923 572 2004 seriptomm
597 1942 765 1987 numerum
789 1922 937 2001 excussit,
962 1924 1018 1988 sed
1038 1923 1122 2008 quod
1141 1921 1289 1989 omnibus
1308 1923 1415 1989 Rufini

263 2028 390 2114 scriptis
415 2029 520 2094 omnia
543 2029 687 2094 subsidia
710 2029 821 2094 critica
844 2030 940 2094 simul
962 2031 1100 2114 paranda
1118 2051 1188 2096 esse
1208 2032 1269 2096 sibi
1289 2050 1414 2115 persua-

264 2139 357 2215 serat,
391 2137 423 2200 in
461 2136 624 2202 codicibus
658 2137 880 2220 conquirendis
913 2139 946 2202 et
977 2138 1172 2203 conferendis
1205 2140 1309 2204 totum
1343 2157 1414 2204 con·

263 2245 402 2328 sumpsit
419 2245 593 2309 multorum
609 2262 759 2309 annorum
773 2245 914 2310 laborem
929 2245 1124 2328 posthabitis
1139 2246 1252 2310 ceteris
1268 2245 1413 2310 omnibus

263 2351 393 2436 editoris
418 2350 532 2416 officiis
555 2350 611 2428 ita,
635 2354 672 2414 ut
695 2369 788 2415 senex
812 2351 941 2415 demum
965 2355 1036 2416 ante
1059 2371 1177 2436 paucos
1197 2371 1293 2417 annos
1315 2349 1414 2433 copiis

263 2457 451 2541 comparatis
485 2457 524 2520 ad
557 2456 728 2522 editionem
762 2456 971 2522 adornandam
1004 2459 1053 2523 uti
1085 2458 1318 2544 aggrederetur.
1350 2458 1413 2521 iam

262 2582 337 2630 uero
365 2564 606 2648 ingrauescente
634 2563 665 2628 in
694 2563 763 2628 dies
791 2563 986 2643 ualetudine,
1015 2565 1139 2646 quando
1164 2565 1291 2648 quidem
1315 2584 1414 2628 unum

235 2741 237 2745 ,
264 2670 369 2736 saltim
397 2671 549 2735 uolumen
573 2669 694 2752 publici
715 2670 795 2734 iuris
818 2671 921 2735 facere
944 2671 1084 2749 nolebat,
1114 2671 1260 2754 Gregorii
1281 2670 1414 2734 Nazian-

262 2779 330 2842 zeni
351 2776 506 2843 orationes
526 2796 641 2850 nonem
660 2797 678 2841 a
696 2777 809 2842 Rufino
829 2777 860 2840 in
880 2796 1056 2841 sermonem
1076 2777 1224 2842 Latinum
1245 2795 1413 2842 conuersas

262 2904 281 2948 a
312 2885 490 2968 Iosepho
523 2883 654 2968 Zyoha
686 2883 935 2974 vindobonensi,
973 2883 1042 2949 uiro
1079 2883 1321 2962 humanissimo,
1359 2883 1413 2966 qni

261 3009 331 3055 meo
368 2992 482 3073 rogatu
519 3007 619 3053 nonas
657 2988 803 3054 codicum
842 2988 1027 3054 collationes
1065 2989 1202 3054 confecit
1234 3008 1349 3071 easque
1380 2989 1413 3052 in

263 3096 481 3161 commentarii
501 3094 601 3160 critici
620 3094 753 3160 formam
774 3095 907 3180 redegit,
926 3095 1150 3160 liberalissime
1166 3095 1294 3160 adiutus
1308 3114 1414 3160 recen·

188 3255 192 3278 2
262 3222 330 3268 sere
355 3203 468 3286 coepit.
491 3221 593 3285 neque
611 3204 718 3266 tamen
738 3201 766 3266 ei
786 3202 929 3287 contigit,
953 3205 990 3266 ut
1014 3202 1185 3289 editionem
1209 3202 1333 3267 uideret
1355 3203 1413 3265 im-

261 3329 418 3392 pressam;
443 3329 551 3374 mense
579 3310 661 3374 enim
689 3309 780 3374 Iunio
810 3310 882 3374 anni
905 3309 1125 3376 MDOOCOIX
1150 3309 1413 3393 duodeoctogesi-

261 3436 347 3482 mum
372 3417 486 3481 aetatis
511 3432 628 3480 anuum
653 3435 749 3499 agens
774 3436 790 3480 e
813 3417 882 3480 uita
906 3416 1014 3482 cessit.

305 3522 409 3607 Igitur
437 3523 577 3587 nondum
607 3526 718 3606 quarta
745 3524 810 3588 fere
839 3523 986 3588 editionis
1011 3526 1099 3606 parte
1122 3523 1208 3607 typis
1231 3519 1413 3606 mandata1)
1494 3588 1497 3600 ,

261 3629 368 3694 Rufini
397 3628 508 3693 edendi
537 3648 643 3693 curam
672 3647 730 3712 ego
760 3629 894 3710 suscepi.
927 3629 990 3694 iam
1019 3633 1110 3694 antea
1137 3629 1220 3694 enim
1248 3628 1411 3693 Wrobelio

261 3739 385 3817 praeter
408 3735 470 3799 alia
493 3738 603 3800 auctor
625 3735 757 3811 fueram,
782 3737 819 3798 nt
842 3739 1027 3818 apparatum
1052 3735 1196 3800 criticum
1216 3734 1296 3799 mibi
1314 3737 1412 3799 trans-

261 3841 396 3908 missum
421 3831 512 3906 onere
535 3841 710 3906 lectionum
734 3841 878 3906 codicum
898 3841 983 3906 haud
1001 3862 1184 3925 paucorum,
1209 3843 1263 3925 qui
1281 3842 1411 3906 minoris

260 3948 314 4012 uel
346 3948 441 4012 etiarn
475 3948 624 4012 minimae
657 3947 857 4012 auctoritatis
892 3951 1009 4028 essent,
1041 3950 1173 4028 leuaret,
1205 3952 1299 4031 atque
1332 3948 1411 4012 duos

260 4055 359 4119 libros
392 4073 487 4118 manu
512 4055 660 4136 scriptos,
685 4055 739 4136 qui
764 4055 832 4119 eins
862 4055 1070 4139 sagacitatem
1095 4055 1280 4140 effugerant,
1306 4074 1413 4136 quam-

307 4245 326 4312 1)
350 4246 382 4300 In
410 4246 503 4314 primis
527 4247 618 4299 textus
641 4244 780 4299 Rufiniani
809 4245 1033 4314 quaternionibus
1064 4263 1103 4311 ea,
1128 4263 1197 4315 quae
1219 4245 1331 4301 Wrobel
1353 4245 1411 4316 ipse

265 4335 387 4402 nouauit,
407 4332 593 4388 additamento
612 4334 711 4403 acropse'
728 4333 774 4388 uel
794 4333 895 4388 addidi
912 4333 940 4387 in
960 4337 1092 4405 apparatu
1112 4335 1205 4388 critico
1223 4337 1362 4388 notantur.
