3214 4988
577 462 598 517 1.
617 463 862 536 Apologeticus
881 467 995 522 40-43.
1321 472 1362 536 35

209 679 244 724 se
267 661 381 742 putant
404 678 498 743 posse
523 659 560 724 de
584 659 635 725 lris
660 677 740 742 quae
765 679 799 724 se
823 661 963 726 fatentur
984 660 1138 744 ignorare.
1163 666 1233 726 tnm
1252 663 1364 728 deinde

210 785 246 831 11
277 766 346 832 neri
379 767 541 832 similibus
574 767 754 849 frequenter
784 767 878 832 modo
911 768 943 832 in
975 768 1046 846 hee,
1084 769 1178 834 modo
1214 769 1246 832 in
1284 770 1364 834 illud

209 873 296 937 uersi
319 875 416 956 atque
438 873 555 938 mutati
579 876 612 939 et
640 874 726 938 omni
753 874 849 938 uerbo
878 892 961 940 nunc
989 873 1240 957 adquiescentes,
1268 876 1364 959 paulo

169 1061 171 1066 Δ
209 981 284 1061 post
306 978 422 1045 iterum
447 979 641 1046 reluctantes
666 979 763 1044 simul
788 983 820 1044 et
849 979 1020 1064 magistros
1049 984 1081 1046 et
1108 981 1215 1045 studia
1241 1001 1365 1065 permu-

177 1088 281 1150 rtant
308 1089 341 1151 ct
368 1087 461 1152 uelut
489 1085 596 1169 puluis
625 1090 722 1152 uento
751 1086 893 1170 agitatus
926 1085 1018 1152 facile
1050 1087 1292 1154 transferuntur.
1327 1089 1365 1153 ad
1393 1090 1410 1142 2

209 1191 360 1257 ultimum
389 1212 465 1258 uero
494 1193 652 1259 stultitiae
681 1212 756 1258 suae
788 1193 951 1276 proferunt
979 1193 1135 1272 fructum3
1170 1213 1243 1258 nam
1275 1195 1366 1260 uelut

209 1299 334 1383 fatigati
367 1299 522 1364 audiendo
557 1300 700 1366 diuersos
733 1303 766 1364 11
797 1301 877 1366 uicti
907 1300 1012 1366 taedio
1046 1301 1144 1366 simul
1177 1301 1282 1366 omnia
1318 1321 1364 1366 rc-

148 1421 150 1426 ’
210 1409 330 1489 spuunt
353 1409 385 1472 et
407 1408 499 1472 uelut
518 1407 617 1472 'uacui
641 1411 673 1473 et
694 1407 802 1474 inanes
826 1427 862 1473 11
886 1407 1032 1474 omnibus
1057 1427 1137 1491 quae
1166 1408 1366 1477 crediderunt

209 1513 287 1578 facti
320 1515 468 1579 continuo
507 1513 602 1578 etiam
641 1517 841 1580 contemnere
878 1517 911 1580 et
945 1514 1080 1580 inridere
1117 1534 1175 1580 nos
1210 1515 1366 1598 incipiunt

167 1639 194 1682 ro
213 1622 305 1686 uelut
331 1621 412 1686 nihil
438 1619 626 1687 rationabile
654 1622 686 1685 in
717 1620 779 1686 fide
812 1625 920 1686 nostra
952 1620 1105 1686 habentes
1139 1625 1171 1686 11
1202 1621 1367 1704 patiuntur·

212 1727 296 1811 qnod
329 1728 471 1792 accidere
504 1727 586 1792 solet
618 1728 669 1792 his
703 1727 758 1810 qni
791 1728 901 1793 oculos
934 1727 1042 1792 dolent
1075 1732 1107 1793 et
1144 1727 1221 1792 solis
1258 1728 1365 1792 lnmen

212 1837 364 1899 accusant
387 1836 440 1899 nel
465 1834 519 1916 qui
543 1853 645 1914 aures,
674 1836 707 1898 et
729 1852 825 1898 uoces
849 1833 1013 1900 bominum
1042 1835 1147 1899 minus
1176 1852 1246 1900 esse
1275 1854 1366 1900 sono-

211 1961 263 2006 ras
287 1944 470 2025 queruntur.

258 2049 309 2114 43.
337 2049 510 2131 Propterea
533 2067 607 2132 ergo
632 2049 735 2113 multo
760 2047 873 2114 utilius
897 2052 947 2114 est
970 2050 1093 2114 animae
1117 2050 1306 2134 simpliciter
1335 2059 1368 2116 11

165 2176 290 2240 mpure
317 2157 463 2222 ueritatis
491 2155 648 2221 elementa
676 2155 837 2237 suscipere
866 2159 899 2220 et
925 2157 1016 2221 uelut
1044 2157 1123 2222 ceris
1158 2175 1195 2222 ea
1226 2158 1365 2223 nondum

213 2263 391 2330 charaxatis
412 2263 584 2328 inscribere
608 2281 703 2346 quam
727 2281 828 2344 super
844 2263 900 2328 illa
928 2283 1008 2346 quae
1037 2268 1109 2330 ante
1138 2264 1220 2330 male
1248 2266 1367 2349 scripta

215 2372 290 2435 sunt
312 2371 532 2453 superducere,
560 2369 593 2434 id
618 2374 668 2435 est
690 2389 787 2453 supra
811 2369 927 2435 malam
955 2371 1130 2437 doctrinam
1158 2375 1191 2437 11
1217 2391 1367 2456 peruersa

214 2477 365 2562 dogmata
396 2477 530 2544 uerbum
563 2476 637 2542 fidei
669 2495 705 2542 ac
737 2477 883 2542 ueritatis
915 2478 1055 2562 ingerere
1089 2483 1120 2544 11
1152 2499 1226 2544 cum
1256 2479 1368 2562 primis

214 2588 376 2670 postrema
399 2584 599 2650 confundere.
628 2604 702 2650 narn
725 2585 811 2649 uiam
836 2585 965 2668 quidem
987 2585 1132 2650 incedere
1160 2586 1308 2651 adtritam
1336 2589 1370 2650 et

168 2710 197 2752 ao
213 2692 388 2776 lenigatam
412 2691 606 2756 adsiduitate
630 2692 876 2757 commeantium
899 2694 1040 2775 praestat
1063 2711 1157 2775 quam
1180 2692 1368 2758 inusitatam

212 2802 246 2865 et
267 2797 379 2863 rudem
402 2801 435 2863 et
456 2798 554 2863 nullis
579 2802 671 2863 antea
693 2798 842 2883 uestigiis
866 2797 1094 2881 proculcatam,
1119 2817 1265 2882 campum
1291 2816 1366 2882 quo-

213 2925 274 2989 que
308 2925 410 2971 serere
443 2906 590 2970 exercitio
625 2905 719 2970 aratri
750 2904 926 2987 frequentis
959 2904 1134 2970 edomitum
1166 2904 1282 2970 melius
1317 2909 1367 2970 est

214 3032 308 3097 quam
331 3013 424 3078 illum
450 3013 504 3095 qui
526 3013 657 3098 ignarus
681 3015 732 3077 111
754 3011 836 3077 11111
862 3015 893 3076 11
912 3012 1050 3077 uomeris
1069 3012 1211 3089 11111111
1231 3011 1367 3076 animam

212 3139 288 3186 uero
311 3120 401 3184 illam
424 3120 540 3184 melius
565 3119 716 3198 excolam,
740 3137 819 3201 quae
843 3119 931 3185 nullo
957 3118 1059 3183 adhuc
1082 3119 1217 3204 maligni
1236 3117 1366 3184 cultoris

161 3245 195 3289 11
213 3229 314 3292 111111
334 3229 488 3292 temerata
507 3229 632 3292 estnec
652 3226 877 3308 praeuentione
899 3225 1032 3308 pessimi
1051 3226 1181 3291 seminis
1202 3229 1366 3308 occupata,

214 3333 354 3416 alioquin
392 3332 608 3417 duplicabitur
644 3332 734 3398 nobis
771 3334 870 3411 labor,
913 3333 989 3398 dum
1025 3351 1156 3399 necesse
1195 3336 1244 3398 est
1279 3332 1367 3416 prins
1395 3338 1413 3390 2

304 3577 321 3631 5
341 3577 374 3632 11.
394 3575 463 3647 pr.
481 3577 508 3641 4,
529 3578 561 3631 14
636 3577 670 3630 18
690 3575 722 3632 11.
742 3577 819 3631 Rom.
842 3577 885 3642 10,
905 3577 930 3629 8.
950 3575 964 3630 I
983 3575 1052 3635 Tim.
1071 3577 1097 3646 4,
1117 3577 1134 3631 6
1208 3575 1241 3631 11.
1260 3574 1288 3629 11
1309 3573 1368 3630 Cor.

214 3666 240 3733 6,
260 3665 284 3719 7.
305 3665 362 3722 Col.
384 3666 528 3731 11111.
549 3667 573 3734 1,
594 3667 627 3720 18

251 3844 364 3914 lposse
384 3847 483 3915 putant
504 3844 542 3898 Co
622 3847 720 3914 putent
737 3844 816 3912 Rpc.
890 3840 1235 3911 2111111]1111101.1.
1313 3839 1367 3893 fre·

215 3935 330 4002 quenter
348 3931 377 3986 in
396 3933 448 3986 hoc
467 3931 547 3987 mode
568 3933 596 3986 in
616 3933 685 3986 illud
706 3933 756 3988 ΟΔ
793 3934 811 3986 4
830 3933 998 3987 reluctantes
1017 3931 1096 3987 Rae.
1134 3932 1151 3985 6
1170 3929 1265 4001 stultia
1284 3929 1365 3985 Rau.

214 4023 230 4074 7
254 4019 299 4075 ·do
325 4021 510 4091 diuersos-p.
535 4025 582 4090 37,
606 4025 760 4076 11111111
784 4039 836 4076 om.
860 4023 887 4075 A
999 4021 1015 4074 9
1039 4024 1230 4090 contempnere
1256 4017 1368 4086 O,Cp.o.

215 4111 246 4166 11
267 4111 394 4168 accedere
418 4109 441 4165 0
459 4111 480 4179 (i
498 4128 581 4180 apr.
602 4115 637 4179 1),
659 4111 733 4166 Coc.
822 4112 855 4164 12
875 4127 973 4166 sonora
996 4110 1022 4164 V
1102 4109 1136 4162 13
1155 4111 1323 4178 quaeruntur
1345 4105 1370 4160 0

215 4202 248 4257 15
266 4219 333 4274 pure
351 4201 379 4257 R
488 4200 619 4254 elimenta
639 4199 712 4255 011.
771 4200 852 4254 .16
871 4199 1003 4254 caraxatis
1024 4199 1062 4253 Oe
1171 4198 1271 4267 scripte
1293 4195 1368 4250 (11.1.

214 4292 247 4346 17
266 4309 316 4361 sup
338 4291 377 4346 Co
454 4289 641 4346 20111111111
660 4293 688 4355 (a
707 4305 739 4343 ex
757 4292 782 4356 1)
798 4289 826 4344 R
882 4289 914 4341 21
935 4288 1091 4358 proculcata
1110 4304 1144 4342 ec
1161 4285 1327 4357 proculcatis
1341 4284 1369 4340 R

214 4381 248 4435 22
268 4381 395 4445 exerticio
416 4378 524 4449 (11.1)
547 4379 570 4434 0
640 4379 736 4434 aratris
759 4377 783 4432 O
837 4379 871 4432 23
892 4381 920 4432 11
938 4378 1055 4431 nomeris
1075 4379 1117 4430 est
1135 4375 1242 4430 nescius
1265 4374 1288 4427 O

1297 4479 1333 4534 3*
