3228 4978
254 451 317 512 228
776 447 893 501 Rufini

223 658 226 668 ·
254 642 392 706 ambitus
416 642 582 706 subruitur
606 644 701 724 atque
727 641 933 718 subuertitur,
958 643 1033 706 urbs
1059 643 1219 726 praeclara
1242 645 1276 707 et
1299 644 1405 727 opina·

253 749 380 814 tissima
394 748 613 832 prosteruitur,
631 747 840 813 sanctificatio
856 748 968 832 templi
982 749 1168 826 destruitur,
1179 754 1363 814 ornamenta
1374 756 1406 815 et

254 855 381 921 donaria
400 854 525 919 delubri
540 855 750 920 sacratissimi
763 854 902 938 profanis
917 856 1064 920 manibus
1080 855 1280 938 diripiuntur,
1296 860 1406 921 sancta

254 965 434 1028 sauctorum
468 961 600 1044 pollutis
630 961 764 1044 podibus
795 963 1029 1029 conculcantur.
1053 964 1085 1026 et
1106 962 1173 1038 illa,
1203 981 1283 1044 quaa
1308 963 1403 1028 ctiam

208 1074 225 1125 2
254 1072 435 1134 sauctorum
460 1068 560 1133 oculis
581 1068 685 1134 inuisa
703 1069 829 1133 fuerant
848 1069 1033 1152 etpedibus
1053 1069 1225 1147 inaccessa,
1244 1069 1404 1153 inpiorum
1437 1099 1448 1140 a

255 1178 288 1240 et
309 1175 503 1258 pollutorum
528 1175 759 1257 direptionibus
783 1175 1027 1258 populabuntur,
1052 1193 1141 1240 senes
1166 1195 1257 1239 nemo
1278 1175 1406 1241 misere-

253 1284 356 1359 batur,
393 1283 525 1346 iuuenes
561 1283 683 1364 absque
719 1285 865 1365 respectu
903 1282 1152 1360 trucidabantur,
1185 1282 1340 1346 matribus
1375 1285 1407 1346 et

254 1390 432 1471 uirginibus
461 1389 540 1454 nibil
567 1389 707 1471 pudoris,
737 1390 817 1454 nibil
840 1389 1047 1454 uerecundiae
1072 1390 1268 1456 seruabatur.
1301 1389 1406 1453 altari-

255 1499 315 1561 bus
343 1517 404 1562 non
434 1498 538 1561 solum
563 1497 685 1560 alienus
709 1497 805 1580 ignis,
829 1516 940 1564 ueram
964 1498 1061 1562 ctiam
1084 1497 1211 1562 hostilis
1236 1485 1418 1561 adhibeba?

254 1609 317 1670 tur.
349 1603 490 1668 fluebant
518 1603 682 1687 sanguinis
711 1604 842 1669 flumina
868 1623 929 1669 uon
958 1603 1136 1668 hostiarum
1159 1603 1322 1686 religione,
1348 1603 1405 1667 sed
1423 1632 1446 1672 m

254 1711 365 1776 hostili
393 1710 591 1774 crudelitate·
609 1711 738 1794 profusa
765 1729 822 1775 nec
852 1710 996 1789 arietum,
1026 1710 1082 1774 sed
1104 1709 1269 1774 homiuum
1294 1728 1404 1774 cruore

255 1818 421 1882 raanantia.
453 1817 605 1882 Nazaraei
637 1817 668 1881 in
697 1820 812 1881 terram
840 1816 1001 1900 prostrati,
1031 1817 1173 1882 ululatus
1200 1836 1256 1898 pro
1279 1817 1406 1899 hymnis

211 1929 227 1980 3
256 1925 453 1990 audiebatur.
486 1927 518 1989 et
540 1927 576 1988 ut
599 1944 636 1988 ex
659 1924 738 2005 ipsis
768 1924 888 2006 aliquid
911 1924 1203 1990 Lamentatiouibus
1227 1923 1406 1988 Hieremiae

256 2034 378 2114 loquar,
415 2031 474 2094 lilii
511 2030 586 2096 Sion
624 2030 823 2096 honorabiles
861 2034 893 2094 et
926 2030 1065 2095 exornati
1095 2049 1182 2108 auro,
1213 2029 1343 2094 delicati
1375 2033 1407 2094 ct

258 2139 413 2204 malorum
442 2138 542 2203 nescii
570 2139 640 2202 uias
669 2156 768 2202 nouas
798 2141 830 2202 ct
858 2156 984 2219 asperas
1010 2137 1156 2202 abierunt
1179 2143 1211 2201 et
1234 2137 1306 2201 uiae
1331 2136 1403 2201 Sica
1424 2159 1448 2202 ra

257 2247 414 2325 luxerunt,
444 2245 518 2325 quia
545 2264 606 2310 nou
634 2247 701 2309 erat
730 2244 783 2327 qui
811 2244 934 2309 ueniret
962 2245 1001 2308 ad
1025 2244 1109 2308 diem
1132 2244 1261 2308 festum.
1293 2244 1351 2308 sed
1375 2246 1407 2307 et

258 2353 353 2435 paulo
373 2355 445 2414 ante
464 2371 576 2416 manus
596 2352 765 2416 mulierum
784 2351 1038 2416 misericordium
1058 2353 1209 2414 coxemnt
1227 2350 1311 2414 filios
1332 2369 1406 2414 snos

258 2458 362 2523 inedia
385 2458 508 2522 scilicct
527 2457 701 2524 obsidionis
720 2459 876 2541 urguente
900 2459 932 2521 ct
951 2457 1155 2521 comederunt
1173 2457 1314 2521 fructum
1333 2476 1407 2522 uen-

259 2566 316 2630 tris
336 2565 387 2630 sui
407 2571 438 2629 et
457 2565 548 2630 dulce
568 2565 719 2630 solatium
738 2564 911 2628 liberorum
930 2564 1051 2628 iactum
1070 2565 1120 2627 est
1139 2563 1290 2628 solatium
1306 2564 1408 2628 famis.

215 2677 232 2728 4
258 2673 376 2737 uidetis
404 2673 458 2754 qui
486 2672 550 2736 sint
578 2672 681 2736 exitus
706 2670 939 2735 dissensionum
963 2673 995 2735 et
1019 2670 1074 2753 qui
1098 2669 1303 2734 discidiorum
1326 2671 1407 2735 fruc·
1425 2693 1450 2735 ao

259 2786 320 2844 tus.
345 2779 537 2844 canescitis
563 2779 787 2862 quiapropter
814 2795 872 2843 uos
899 2779 978 2842 haec
1002 2777 1120 2858 scripta
1144 2780 1229 2854 suut,
1254 2777 1290 2840 in
1315 2795 1408 2859 quos

259 2887 359 2950 fines
398 2886 636 2951 saeculorum
670 2884 923 2948 deuenerunt‘?
957 2902 1016 2966 ego
1040 2882 1175 2965 donique
1199 2883 1408 2966 quotiensque

259 2993 376 3056 librum
405 2993 505 3058 istum
528 2991 707 3056 Hieremiae
738 2991 857 3072 accipio
881 2991 913 3055 iu
938 3009 1050 3054 manus
1075 2992 1107 3054 ct
1129 2990 1408 3055 lamentationibus

261 3099 329 3164 eius
353 3099 498 3163 inhaereo
523 3137 565 3146 -
588 3099 660 3182 lego
686 3098 769 3161 caim
792 3097 992 3180 frequentius
1011 3097 1283 3186 lamentationem
1302 3097 1410 3160 Hiere-

260 3206 352 3286 miae,
372 3207 516 3286 quotiens
535 3205 615 3269 mibi
635 3205 777 3269 securior
796 3204 999 3270 successibus
1018 3203 1139 3281 uideor,
1159 3207 1197 3268 ut
1211 3221 1410 3268 commonear
1425 3227 1449 3269 aa

261 3311 508 3392 perlectionem
532 3311 608 3394 quid
630 3311 791 3392 inmineat,
816 3311 878 3376 nisi
902 3311 1113 3375 obseruauero
1138 3347 1191 3388 -,
1216 3313 1249 3374 ct
1270 3309 1409 3375 lacrimis

354 3451 387 3504 14
406 3451 439 3504 ci.
459 3451 555 3504 Thren.
574 3453 636 3517 4,2
703 3450 957 3514 1511111114
1018 3449 1290 3519 licitumque
1346 3450 1410 3504 211

263 3540 387 3604 ecclc,
409 3541 440 3594 11

298 3648 524 3702 2distruitnrR
598 3651 625 3701 et
644 3665 694 3702 cm.
714 3647 742 3701 R
805 3649 934 3717 3pronis
952 3647 980 3702 R
1039 3646 1121 3701 lille
1140 3646 1168 3701 R
1222 3645 1412 3700 5iucruntA

262 3739 338 3806 bet]
360 3753 390 3790 ac
408 3737 436 3791 R
500 3737 699 3808 populantmo
763 3738 835 3791 senis
853 3736 909 3792 RO
964 3739 1027 3790 iet
1045 3753 1096 3790 cm.
1115 3737 1143 3788 A
1199 3736 1230 3788 11
1252 3735 1411 3790 crudelitate

264 3829 370 3882 hoste
443 3843 562 3881 cruorem
586 3827 698 3895 V,Ra.c.
756 3827 789 3880 12
808 3828 915 3880 nazarei
934 3825 1012 3880 codd.
1089 3826 1118 3878 iu
1136 3831 1210 3878 tarra
1226 3825 1254 3877 A
1326 3824 1412 3894 ymnis

265 3915 345 3968 cAV
387 3914 601 3969 lutheranae
644 3915 676 3967 17
696 3915 938 3968 inmisericordium
958 3914 985 3966 A
1031 3914 1064 3968 18
1084 3913 1219 3968 obsidioni
1238 3911 1414 3984 surgenteV

264 4004 423 4073 urgentcO
531 4004 706 4058 comederes
797 4005 829 4058 19
850 4004 936 4068 dulcis
958 4008 982 4070 (e
1002 4021 1023 4058 a.
1043 4005 1077 4070 is)
1095 4004 1123 4058 Ii
1235 4003 1271 4056 20
1290 4003 1413 4057 suutAo

265 4095 297 4146 21
319 4093 389 4146 uude
409 4095 485 4148 scitis
503 4093 531 4147 R
550 4097 598 4148 aut
616 4094 728 4147 nescitis
751 4092 833 4146 OAV
907 4110 974 4163 quos
992 4095 1017 4160 (s
1037 4093 1114 4158 cdd.)
1133 4092 1160 4147 R
1251 4093 1286 4145 22
1306 4109 1369 4162 ergo
1388 4093 1414 4147 R

265 4182 506 4250 quotienscumque
526 4185 570 4246 (cu
589 4197 611 4235 a.
632 4183 648 4236 1.
668 4182 726 4252 mii)
745 4181 773 4236 R
791 4182 898 4251 quoties
918 4183 945 4235 A
965 4183 1090 4251 quotieas
1114 4182 1141 4234 V
1205 4181 1239 4236 23
1258 4180 1369 4252 ieremip
1387 4181 1414 4234 A

266 4267 391 4319 manibus
413 4269 449 4321 Oc
504 4270 537 4322 25
558 4271 602 4355 qni
624 4271 749 4338 quotiens
768 4270 795 4324 R
815 4272 921 4339 quoties
941 4272 968 4323 A
1041 4273 1099 4324 cius
1118 4269 1214 4324 uideor
1237 4271 1264 4323 V
1333 4273 1366 4323 ut
1383 4286 1414 4323 ec

267 4360 296 4407 et
314 4354 389 4408 Rana
