3228 4978
759 1123 797 1188 V.

338 1269 384 1334 IN
408 1269 547 1334 sumus
570 1267 704 1334 IPSUM
728 1268 782 1331 Dll
806 1267 921 1333 Aduo
945 1267 1207 1336 auduussum.

250 1417 276 1476 1.
301 1411 527 1476 Desiderabam
552 1429 621 1485 uos,
646 1429 664 1474 o
688 1409 756 1487 filii,
781 1410 856 1491 quia
878 1415 910 1474 et
933 1411 1001 1492 pari
1024 1431 1171 1477 mensura
1191 1413 1347 1482 desidera-

201 1521 257 1584 bar
285 1538 302 1580 a
329 1518 431 1582 uobis.
467 1520 572 1582 certus
602 1536 673 1580 sum
703 1515 786 1580 enirn
814 1535 870 1580 neo
899 1517 1010 1583 dubito
1035 1519 1119 1600 quod
1142 1520 1173 1582 in
1199 1520 1347 1585 cordibus

171 1651 183 1692 s
202 1625 318 1691 nostris
331 1626 408 1690 estis
419 1624 458 1689 ad
468 1623 700 1689 conuiuendum
713 1625 743 1686 et
754 1622 792 1686 ad
808 1625 1075 1689 commoriendum
1087 1645 1153 1708 per·
1167 1629 1347 1704 uestram

204 1728 1346 1816 gloriamfratres,quamhabeoinChristolesu,domino

203 1823 353 1904 nostro.
372 1838 434 1904 boo¹
453 1837 534 1900 enim
554 1836 632 1900 mihi
651 1836 823 1899 iuramenti
841 1855 940 1920 genus
957 1838 1044 1924 dedit
1059 1839 1190 1920 spiritus
1206 1843 1347 1918 sanctus,

153 1935 155 1938 ’
204 1965 265 2028 quo
299 1945 413 2026 spiritu
446 1962 613 2008 monemur·
644 1943 683 2006 ad
713 1962 781 2018 uos,
813 1947 850 2006 ut
880 1963 1101 2027 praeparemus
1132 1965 1190 2010 uos
1222 1947 1347 2012 domino

203 2052 357 2134 populum
395 2049 640 2114 substautiuum.
678 2048 784 2113 uidete
822 2069 906 2133 ergo,
940 2054 1055 2132 quante
1087 2051 1148 2116 fide
1181 2072 1347 2135 praesumo
1376 2066 1393 2118 2

160 2180 188 2222 ro
206 2159 283 2222 mibi
302 2159 450 2222 affectum
468 2160 611 2220 uestrum
631 2176 799 2238 meumque
819 2157 951 2223 oonsilio
971 2159 1075 2223 uobis.
1095 2164 1126 2224 et
1140 2161 1217 2223 nihil
1233 2161 1348 2226 mirum

206 2265 243 2343 si,
273 2267 304 2328 in
336 2264 451 2346 quibus
482 2281 564 2328 uuus
596 2265 645 2326 est
675 2263 818 2345 spiritus,
846 2284 929 2328 unus
958 2268 1007 2328 est
1035 2269 1067 2329 et
1095 2266 1238 2343 effeetus,
1263 2271 1295 2331 et
1316 2268 1348 2330 in

205 2371 321 2454 quibus
349 2369 457 2459 eadem
486 2372 536 2434 est
563 2369 651 2447 fides,
680 2389 780 2451 aequa
808 2371 851 2434 sit
873 2371 999 2437 coritae.
1031 2372 1093 2437 nisi
1116 2373 1198 2436 enim
1223 2374 1294 2455 quis
1318 2378 1350 2438 et

205 2482 273 2560 ipse
298 2477 420 2562 diligat,
441 2461 531 2559 diligi
552 2495 586 2540 se
606 2496 665 2541 non
686 2477 795 2555 eredit,
815 2477 887 2558 quia
908 2478 1012 2543 erbis
1033 2499 1111 2561 quae
1131 2480 1192 2562 ipsi
1212 2481 1351 2563 patimur

207 2583 384 2667 promptius
404 2583 441 2647 de
461 2583 532 2648 aliis
554 2583 711 2650 oredimus
733 2587 765 2648 et
784 2585 939 2650 sentimus
959 2588 1074 2650 testem
1095 2587 1247 2651 habentes
1267 2606 1350 2651 aroa-

161 2715 188 2757 15
206 2711 281 2756 num
301 2696 444 2758 nostrum
464 2691 594 2755 alterius
615 2709 797 2755 arcanorum
818 2696 849 2756 et
862 2693 944 2756 intra
957 2711 1014 2756 nos
1030 2692 1194 2775 speculum
1210 2695 1349 2776 gerimus

205 2797 352 2881 imaginis
368 2798 496 2861 alienae.
510 2800 676 2880 propterea
688 2816 744 2861 neo
759 2799 901 2878 patiebar
915 2798 1083 2864 abscedere
1092 2799 1219 2883 longius
1231 2819 1248 2862 a
1258 2800 1350 2864 uobis
1380 2824 1396 2876 3

206 2908 238 2968 et
270 2902 398 2985 quidem
429 2903 521 2968 ualde
553 2903 683 2985 cupiens
714 2905 848 2968 urbanas
878 2905 956 2970 istas
988 2905 1144 2970 declinare
1174 2906 1350 2982 molestiae,

206 3029 286 3093 quae
314 3010 447 3074 ueniunt
475 3029 511 3074 er
538 2993 744 3074 multitudine
772 3011 972 3092 populorum,
1003 3031 1039 3076 ex
1062 3013 1350 3094 perturbationibus

204 3116 395 3193 forensibus,
432 3115 575 3193 theatris,
614 3115 845 3199 uoluptatibus
884 3116 1015 3196 iniuriis,
1048 3119 1169 3198 litibus,
1203 3119 1350 3201 querelis,

158 3222 341 3302 eudemum,
365 3223 542 3301 calumniis,
568 3243 605 3287 ex
628 3224 678 3286 his
703 3225 756 3305 qui
779 3224 891 3306 lugent
916 3228 947 3287 et
969 3226 1128 3308 lugentur,
1148 3246 1183 3290 ex
1202 3227 1351 3290 flentibus

296 3465 424 3520 51001.
443 3467 486 3531 15,
507 3469 539 3522 31
596 3469 612 3522 8
633 3466 666 3520 ef.
685 3467 766 3523 Dent.
787 3469 810 3522 7,
831 3468 847 3522 6

243 3591 259 3646 3
288 3608 336 3644 uos
365 3607 416 3645 om.
444 3591 468 3644 V
558 3594 574 3646 5
602 3591 833 3646 eonueniuendum
853 3591 932 3649 Rae.
1042 3593 1058 3645 9
1086 3591 1270 3645 substantium
1298 3591 1353 3646 Ro

209 3683 243 3736 10
259 3681 375 3735 ,consilio
395 3680 423 3750 (u
443 3679 476 3734 do
495 3698 517 3735 a.
536 3683 563 3752 ο)
582 3681 660 3735 uobis
678 3681 707 3736 R
819 3683 928 3736 consulo
954 3682 978 3734 V
1096 3681 1126 3735 11
1149 3684 1177 3735 et
1189 3699 1236 3750 pr.
1256 3697 1305 3735 om.
1326 3683 1353 3735 A

207 3769 311 3823 alectus
333 3769 356 3824 0
419 3771 451 3824 13
472 3769 549 3839 diligi
569 3771 608 3839 se]
629 3770 754 3824 dilexisse
777 3771 873 3836 O(m2
892 3788 925 3825 ea
944 3770 1112 3840 diligisse)o
1183 3771 1236 3840 ipsi
1256 3787 1307 3824 om.
1326 3770 1353 3824 R

210 3859 242 3912 14
261 3860 395 3928 promtius
415 3859 442 3913 R
460 3859 613 3928 prumptius
636 3859 709 3913 Ome.
729 3861 869 3928 pronptius
892 3859 915 3912 0
985 3860 1116 3913 sentimus
1134 3859 1223 3913 nostri
1242 3859 1354 3912 <rodda

201 3947 357 4001 retinemus
375 3948 454 4002 codd.
473 3947 587 4016 quidum
606 3949 750 4002 deteriores
854 3948 1212 4002 archanum—archanorum
1231 3946 1355 4001 soora

210 4036 242 4089 15
257 4037 330 4090 inies·
343 4037 378 4090 R,
409 4037 441 4091 16
456 4041 597 4106 praeterea
611 4038 638 4092 R
695 4037 837 4092 abscedere
851 4037 959 4107 longius
978 4037 1166 4108 (ἀποφοιτῆσαι
1185 4035 1353 4107 μακρότερα)]

209 4126 317 4194 longius
336 4124 480 4180 abscedere
499 4125 527 4180 R
627 4127 658 4180 17
681 4128 708 4178 et
727 4126 846 4196 quidem]
868 4125 992 4196 equidem
1011 4125 1066 4180 Ro
1187 4125 1309 4180 urbarias
1328 4127 1356 4176 A

210 4216 243 4268 19
262 4213 378 4268 tehairis
399 4215 421 4268 0
494 4215 620 4284 querellis
640 4216 667 4269 R
686 4217 823 4286 quaerillis
847 4217 918 4270 Coo.
939 4216 1054 4288 querelis
1072 4217 1094 4270 0
1148 4215 1182 4270 20
1203 4214 1326 4284 dampnis
1336 4231 1356 4292 7)

210 4302 404 4372 calumpniisv
476 4303 585 4357 fletibus
608 4303 647 4359 ου
