3228 4978
470 431 516 486 VI.
538 432 583 485 Ad
603 432 692 485 ciues
711 432 939 486 Nazianncnos
960 432 1074 486 lo-l‘o.
1283 435 1347 498 205

197 629 314 712 pariter·
346 647 382 692 ac
416 628 593 693 senioribus
628 630 660 692 et
687 627 773 691 omui
800 627 859 690 hac
887 627 1064 690 ueneranda
1092 627 1217 704 canitie,
1252 647 1346 709 quam

197 739 274 818 puto
304 736 399 800 etiam
428 733 557 818 angelos
585 735 732 810 reuereri,
761 753 835 798 oum
859 733 919 811 bis,
948 733 1087 815 iuquam,
1115 733 1346 812 sacerdotibus,

197 861 254 925 per
285 855 365 925 quos
398 841 525 907 creditis
558 843 635 906 uota
667 840 978 923 supplicationesque
1011 845 1135 905 uestras
1164 841 1202 904 ad
1231 859 1348 905 comus

198 950 346 1014 caelestis
379 949 486 1014 altaris
520 949 636 1030 inponi.
669 951 724 1012 sed
757 953 834 1031 puto
864 948 1010 1013 sufficere
1037 947 1124 1012 haec.
1158 951 1215 1013 aut
1244 947 1347 1012 adhuc
1375 954 1394 1006 Ξ

164 1075 179 1117 s
197 1057 300 1122 moins
319 1056 440 1139 aliquid
454 1056 703 1139 temptabimus?
724 1056 839 1120 audere
854 1056 936 1120 onim
952 1073 1003 1120 me
1018 1034 1105 1138 cogit
1123 1055 1220 1121 dolor.
1239 1056 1346 1138 ipsum

195 1163 256 1228 tibi
283 1162 417 1227 adhibeo
442 1161 613 1241 Christum,
642 1163 696 1244 qui
725 1165 827 1226 semet
854 1161 958 1244 ipsum
983 1161 1165 1240 exinaniuit,
1193 1165 1232 1226 ut
1254 1162 1345 1228 uobis

82 1263 86 1270 ’
195 1270 376 1335 hominibus
395 1270 586 1352 loqueretur.
606 1269 709 1351 ipsius
728 1268 924 1352 inpassibilis
944 1268 1004 1333 tibi
1023 1268 1156 1333 adhibeo
1172 1269 1346 1351 passiones.

196 1376 292 1441 offero
321 1375 380 1439 tibi
409 1376 448 1439 ad
476 1375 734 1440 intercessionem
764 1393 889 1439 crucem
920 1375 988 1438 cius
1018 1377 1050 1438 et
1082 1375 1201 1452 clauos,
1231 1375 1346 1457 quibus

195 1485 414 1546 sacrosanctae
434 1481 570 1547 confixae
590 1485 666 1546 suut
683 1501 807 1559 manus,
833 1481 1030 1564 sangninem,
1056 1500 1149 1564 quom
1169 1501 1223 1564 pro
1244 1483 1344 1546 totins

150 1611 179 1652 no
196 1589 307 1653 muudi
326 1587 429 1653 salute
448 1589 598 1672 profudit,
620 1588 826 1672 sepulturam,
848 1588 1110 1652 resurrectionem
1130 1592 1225 1670 atque
1240 1607 1346 1654 escen·

197 1697 316 1760 sionem
351 1695 419 1760 cius
453 1695 491 1758 ad
525 1696 638 1760 caelos.
671 1696 805 1760 adhibeo
838 1694 898 1758 tibi
930 1694 1018 1760 istud
1052 1695 1160 1772 altare,
1193 1695 1233 1758 ad
1261 1696 1345 1778 quod
1373 1702 1392 1755 3

196 1802 406 1866 communitor
434 1820 541 1866 omnes
570 1801 761 1879 accedimns,
791 1801 821 1865 in
853 1819 915 1884 quo
943 1805 1055 1883 typum
1080 1801 1195 1864 salutis
1219 1807 1348 1867 nostrae

194 1910 255 1973 hoo
281 1909 352 1990 ipso
381 1929 443 1984 oro,
473 1929 534 1991 qno
559 1927 641 1973 nuno
664 1911 696 1972 te
721 1909 880 1990 deprecor,
906 1908 1112 1972 celebramus.
1140 1925 1267 1972 mecum
1291 1909 1344 1972 ad·

195 2015 288 2079 bibeo
318 2015 357 2080 ad
385 2015 596 2100 mitigandum
624 2019 656 2080 te
681 2016 775 2080 otiam
800 2019 1002 2080 sacrosancta
1023 2015 1080 2079 illa
1102 2015 1262 2098 mysteria,
1290 2035 1345 2099 por

149 2145 177 2188 rs
196 2141 275 2204 qnae
300 2122 476 2187 uirtutibus
502 2124 693 2188 caelestibus
718 2123 886 2188 sociamur.

241 2230 292 2292 13.
315 2230 356 2292 Et
380 2230 527 2312 quamuis
553 2250 649 2292 uuum
670 2230 782 2294 horum
804 2229 965 2294 sufficeret
982 2248 1036 2312 pro
1058 2229 1215 2306 omnibus,
1238 2232 1344 2294 tamen

196 2335 246 2398 his
275 2335 314 2398 da
342 2335 432 2399 nobis
461 2339 494 2398 ct
520 2336 580 2398 tibi
610 2337 744 2419 gratiam
770 2340 802 2400 et
825 2337 990 2400 uniuersae
1015 2335 1179 2408 ecclesiae,
1209 2355 1288 2417 quac
1312 2337 1343 2399 in

196 2440 289 2505 domo
321 2445 379 2506 tua
412 2445 469 2521 est,
502 2446 534 2506 et
565 2443 743 2506 uenerando
776 2442 849 2506 huio
877 2442 1057 2516 conamini,
1092 2443 1146 2525 qui
1178 2442 1344 2508 nobiscum

194 2547 312 2631 pariter
335 2549 504 2631 supplicat,
529 2548 654 2612 etiarnsi
679 2549 768 2612 uobis
789 2549 932 2613 concedit
952 2548 1040 2613 uerbi
1059 2549 1272 2612 ministerium
1291 2548 1345 2612 uel

151 2677 179 2720 ao
197 2655 310 2720 aetatis
334 2656 556 2739 praerogatiua
578 2657 631 2719 uel
654 2656 823 2740 priuilegio
844 2656 1027 2720 sacerdotio.
1051 2659 1191 2738 hesiga,
1216 2655 1270 2736 qui
1288 2673 1344 2736 pro

195 2765 298 2826 salute
323 2762 462 2826 omnium
486 2782 659 2845 numquam
684 2763 831 2835 uinceris,
856 2764 887 2827 in
912 2763 972 2827 hoc
996 2763 1063 2827 solo
1083 2772 1191 2846 patere
1210 2765 1242 2825 tc
1261 2780 1344 2825 nnnc

196 2869 282 2932 uinci
306 2871 340 2932 et
361 2869 459 2932 nihilo
483 2869 588 2933 miuus
609 2872 698 2933 uince
718 2870 894 2934 clementia.
919 2889 990 2934 ecce
1011 2874 1144 2952 quantos
1165 2869 1267 2934 obtuli
1285 2868 1345 2932 tibi

196 2983 345 3057 patronos
380 2981 411 3038 et
442 2976 614 3039 aduocatos
645 2975 887 3058 supplicationis
916 2995 1005 3039 meae
1033 2976 1064 3039 in
1094 2980 1265 3058 conspectu
1295 2975 1345 3038 dei

196 3084 228 3143 et
247 3084 428 3144 sanctorum
448 3082 632 3162 augelorum
649 3084 681 3145 ot
694 3083 781 3162 regui
798 3085 973 3145 caelorum!
990 3082 1108 3146 honora
1122 3082 1216 3144 fidem
1231 3100 1344 3158 meam,
1374 3094 1391 3144 2

151 3206 291 3269 aequam
325 3190 358 3250 et
389 3188 531 3268 sequeris
565 3191 598 3250 et
631 3188 798 3262 ueneraris,
835 3207 929 3269 qnam
963 3207 1022 3270 ogo
1056 3188 1174 3252 credidi
1206 3192 1238 3252 et
1266 3207 1345 3269 quiae

196 3293 276 3357 mihi
301 3293 419 3358 credita
438 3300 497 3371 est,
521 3297 559 3358 ut
582 3299 614 3358 et
632 3301 688 3358 tua
707 3295 785 3358 fides
805 3295 836 3358 in
856 3295 1029 3359 maioribus
1053 3299 1085 3360 et
1103 3293 1345 3377 perfectioribus

286 3436 303 3488 6
323 3435 355 3487 cf,
375 3435 445 3488 Phil.
466 3435 491 3496 2,
512 3436 526 3486 7

234 3541 247 3593 1
268 3541 336 3612 haec
354 3541 382 3594 R
467 3541 618 3594 uenerande
638 3537 754 3608 A‚Ro.c.
837 3541 954 3594 canitiae
977 3540 1117 3595 Ocauilie
1137 3541 1162 3610 (e
1181 3541 1212 3592 c'rc
1230 3541 1300 3608 ras.)
1319 3541 1346 3595 R

198 3631 356 3683 arcuerere
375 3629 456 3684 Roc.
476 3632 561 3684 uereri
584 3629 621 3684 Oc
672 3633 687 3684 5
707 3629 812 3698 aliquid
830 3630 917 3683 maius
941 3628 991 3682 ΟΔ
1047 3629 1140 3694 audire
1158 3627 1187 3682 B
1206 3629 1298 3682 audire
1323 3627 1349 3681 V

197 3718 333 3772 talhibe
357 3718 384 3770 V
422 3718 639 3787 limpassibiles
663 3719 688 3770 V
722 3719 871 3772 abraae
925 3725 1058 3771 suutom.
1081 3717 1118 3772 Co
1162 3717 1194 3771 10
1213 3733 1345 3770 resurrec-

196 3807 299 3860 tirinem
321 3807 378 3860 eius
398 3812 479 3876 atquc
499 3810 714 3861 ascensioueruo
753 3808 782 3860 ll
804 3807 839 3860 ad
859 3807 947 3860 caelos
966 3823 1047 3860 omo
1102 3822 1169 3874 quos
1189 3803 1218 3875 (d
1236 3821 1257 3858 a.
1278 3805 1300 3866 sl
1320 3805 1348 3858 R

199 3898 232 3950 12
252 3895 421 3949 ascendimus
441 3897 468 3950 R
554 3899 586 3951 14
604 3897 796 3965 mitigandum]
816 3895 1022 3950 imitandumO
1111 3882 1347 3948 illasaeros‘chv

122 4013 124 4017 Δ
197 3985 436 4053 mysteriaillaO
479 3984 510 4038 16
531 3985 664 4054 quamuis]
685 3983 810 4054 quaml]
851 3984 882 4038 17
902 3985 994 4038 tibia.
1014 3984 1078 4039 LO
1133 3981 1347 4050 quaeindouio

197 4076 307 4127 tuaest
326 4076 368 4143 (rip
388 4073 445 4126 κατ’
465 4067 535 4127 οἶκόν
555 4078 622 4142 σου)Ι
643 4091 693 4143 que
714 4073 803 4139 dour'o
822 4075 870 4126 toa
890 4077 932 4126 est
945 4073 972 4127 R
1011 4074 1043 4127 18
1064 4071 1203 4126 cloacali
1239 4072 1273 4124 20
1292 4070 1346 4139 pri-

197 4163 300 4230 uilegio
320 4166 348 4228 (d
368 4181 389 4217 s,
409 4165 435 4228 o)
454 4163 482 4216 R
536 4161 1111 4233 21parereta(eettaicros.m2)0
1171 4177 1242 4213 nunc
1261 4175 1348 4213 ormo

198 4253 232 4306 22
251 4253 325 4306 uinci
346 4253 365 4319 (i
379 4252 432 4321 firi.
452 4269 473 4305 s,
494 4253 522 4318 l)
544 4253 570 4306 R
628 4250 869 4305 nihilhominasO
925 4251 1061 4306 uincetO
1114 4250 1165 4304 tibi
1187 4249 1275 4302 obtuli
1297 4247 1347 4301 ΟΛ

198 4341 233 4396 25
253 4358 308 4412 qua
327 4359 376 4410 ego
398 4341 499 4395 credidi
522 4340 572 4394 ΟΛ
627 4342 661 4395 26
682 4346 709 4394 et
727 4357 779 4397 om.
802 4341 839 4394 Co
910 4341 949 4410 in]
971 4345 999 4394 et
1017 4341 1052 4408 R,
1072 4355 1123 4394 om.
1145 4340 1182 4392 Co
