3214 4988
256 402 297 465 62
328 459 332 470 1
773 399 885 454 Rufini

254 596 322 658 tare
345 593 398 658 uel
422 596 505 657 certe
531 592 586 676 qui
609 592 770 658 subtiliter
793 597 826 656 et
848 591 1023 677 figuraliter
1046 591 1273 657 momorderint
1291 597 1324 656 et
1344 594 1402 656 sub

253 700 364 783 lingua
388 717 445 764 sua
463 699 628 781 posuerint
645 698 784 763 laborem
804 701 835 762 et
855 696 1005 775 dolorem,
1031 701 1063 764 et
1080 717 1236 763 uenenum
1256 699 1403 780 aspidum

253 806 350 870 fuerit
373 805 431 870 snb
455 804 548 871 labiis
573 823 690 870 eornm.
955 871 957 878 ,

299 913 351 976 80.
385 910 601 978 Obseruamus
627 912 764 977 inuicem
794 911 961 995 diligenter
988 930 1048 976 non
1078 914 1186 976 nostra
1214 912 1270 976 sed
1303 910 1405 975 aliena

253 1023 394 1102 peccata,
417 1039 478 1084 non
502 1021 539 1082 ut
561 1018 748 1102 plangamus
773 1018 828 1082 sed
852 1021 888 1081 ut
911 1020 1093 1101 inputemus
1118 1021 1151 1082 et
1169 1018 1402 1102 exprobremus,
1435 1037 1450 1082 a
1489 1031 1491 1034 ’

253 1144 310 1191 nec
334 1129 371 1192 nt
394 1145 541 1192 curemus
566 1126 621 1190 sed
645 1130 682 1190 ut
706 1125 843 1206 amplius
867 1126 1081 1190 uulneremus.
1110 1126 1344 1190 malosautem
1373 1130 1406 1188 et

253 1233 352 1299 bonos
378 1253 437 1298 non
462 1252 497 1297 er
521 1233 663 1298 moribus
687 1251 788 1314 neque
813 1250 848 1296 ex
872 1233 1111 1298 conuersatione
1131 1233 1187 1298 sed
1206 1253 1241 1298 er
1260 1233 1405 1315 partibus

252 1338 443 1416 iudicamus,
473 1343 505 1403 et
528 1357 564 1404 aa
588 1356 667 1420 quae
690 1336 858 1421 placebant
880 1337 973 1402 hodie
996 1338 1028 1402 in
1053 1339 1170 1420 aliquo,
1199 1339 1349 1419 crastino,
1378 1340 1406 1402 si

253 1445 349 1511 fuerit
371 1445 470 1530 partis
494 1445 636 1522 alterius,
660 1444 884 1527 displicebunt,
914 1447 946 1510 et
969 1445 1023 1527 qui
1045 1445 1234 1512 laudabatur
1256 1446 1405 1510 hesterno

209 1558 225 1610 2
254 1550 434 1634 culpabitur
456 1551 559 1616 hodie.
582 1553 652 1616 tum
676 1569 752 1616 nero
777 1568 912 1632 eaquae
931 1551 1014 1632 apud
1034 1551 1113 1616 alios
1133 1552 1303 1635 culpantur
1320 1551 1406 1634 apud
1424 1567 1451 1612 ιο

253 1677 311 1722 nos
334 1658 366 1722 in
395 1657 608 1723 admiratione.
629 1657 792 1722 habentur.
818 1657 1015 1739 ignoscimus
1045 1660 1151 1723 autem
1179 1659 1286 1724 omnia
1312 1659 1406 1724 facile

254 1769 286 1832 et
303 1765 439 1830 libenter
456 1764 634 1829 fautoribus
653 1763 780 1840 nostris,
801 1763 928 1828 etiamsi
947 1763 1030 1846 inpie
1050 1765 1299 1843 committantur,
1319 1765 1405 1830 utin

253 1873 347 1937 malis
370 1871 499 1956 benigni
523 1871 689 1936 uideamur
712 1873 744 1934 et
767 1869 936 1953 magnifici.

300 1981 350 2046 81.
373 1979 472 2044 Facta
494 1982 570 2043 sunt
593 1978 697 2043 omnia
715 1978 800 2042 sicut
823 1976 861 2042 ab
886 1977 988 2055 initio,
1013 1997 1085 2042 cum
1109 1979 1247 2044 mundns
1265 1979 1406 2044 nondum

179 2169 183 2177 Ι
255 2090 321 2150 erat
344 2105 398 2168 per
421 2085 561 2150 ordinem
586 2103 681 2150 suurn
704 2084 888 2168 speciesque
917 2083 1104 2166 dispositus,
1133 2085 1189 2150 sed
1216 2104 1289 2151 curn
1317 2089 1407 2150 erant
1424 2099 1449 2144 ιι

255 2193 386 2257 confusa
410 2192 514 2257 omnia
542 2195 574 2256 et
601 2191 799 2273 inconposita
827 2193 858 2256 et
885 2194 1046 2272 potentem
1076 2192 1247 2257 conditoris
1273 2211 1405 2256 manum

210 2303 226 2354 2
253 2299 471 2380 uirtutemque
494 2298 676 2380 poscebant.
700 2317 812 2362 sumus
837 2315 910 2380 ergo
935 2298 1026 2363 uelut
1043 2298 1075 2362 in
1094 2301 1247 2364 nocturno
1267 2299 1405 2381 quodam

253 2404 374 2486 proelio
398 2405 567 2488 perexiguo
591 2406 683 2469 lunae
707 2404 826 2469 lumine
850 2407 976 2468 utentes
996 2407 1028 2468 et
1045 2403 1115 2486 ipso
1133 2406 1293 2469 interdum
1311 2405 1406 2469 inter-

254 2510 456 2576 uenientibus
476 2509 618 2576 adsiduis
637 2511 774 2576 nubibus
795 2511 1018 2574 obfuscato-
1034 2512 1192 2576 sociorum
1213 2515 1245 2576 et
1262 2511 1405 2576 hostiurn

255 2617 374 2701 agnitio
398 2618 494 2698 nulla,
517 2618 606 2682 nulla
628 2617 776 2684 discretio
802 2653 841 2662 -
867 2619 920 2681 uel
944 2617 1029 2682 sieut
1051 2618 1082 2682 in
1105 2618 1211 2683 nauali
1235 2621 1404 2683 certamine
1423 2631 1449 2674 tu

255 2743 327 2788 cum
343 2727 374 2790 et
389 2728 556 2788 uentorum
576 2724 678 2788 rabies
692 2726 866 2807 perurguet
881 2728 913 2786 et
926 2723 1082 2787 fluctuum
1102 2731 1210 2788 aestus
1229 2724 1404 2801 adtollitur,
1451 2772 1453 2775 -

253 2831 449 2913 inpulsiones
469 2833 634 2895 contorum
654 2830 819 2907 resultant,
845 2831 963 2894 clamor
980 2830 1126 2894 nauticus
1145 2831 1276 2911 intonat,
1300 2832 1405 2913 fragor

254 2936 384 3002 nauium
403 2939 580 3019 concrepat,
600 2937 835 3000 uulneratorum
857 2936 995 3019 gemitus
1016 2939 1047 3000 et
1066 2937 1146 3000 aeris
1160 2936 1261 3018 ipsius
1277 2937 1405 3001 confun·

256 3043 303 3106 dit
325 3042 475 3107 uniuersa
499 3043 642 3125 mugitus
666 3046 699 3106 et
720 3061 777 3106 neo
803 3042 915 3106 uirtuti
938 3045 1066 3125 tempus
1086 3061 1143 3106 nec
1163 3043 1293 3108 oonsilio
1313 3045 1402 3108 locus

256 3151 315 3225 est,
334 3149 379 3212 ita
398 3169 454 3213 nos
475 3167 657 3233 quoque-
672 3149 824 3212 miserum
844 3151 908 3212 me!
931 3186 973 3193 -
989 3149 1144 3212 inanimus
1163 3149 1195 3211 in
1215 3149 1403 3214 alterutrum
1421 3162 1448 3206 2⁵
1513 3154 1520 3166 “

346 3431 358 3482 1
382 3429 414 3483 cl.
434 3429 478 3482 Pe.
498 3431 522 3491 9,
543 3429 577 3483 28
632 3429 649 3480 2
669 3428 701 3484 ci.
722 3429 766 3483 Pe.
787 3429 828 3497 13,
848 3429 873 3482 3.
894 3430 954 3491 139,
975 3429 992 3482 4

293 3587 305 3640 1
327 3589 373 3657 qui
393 3587 593 3656 subtilittr-p,
612 3590 657 3655 67,
674 3587 890 3640 &lamentantur
904 3603 954 3641 om.
970 3587 996 3639 A
1042 3589 1058 3640 2
1079 3593 1226 3658 posuerunt
1250 3587 1276 3640 V
1326 3589 1342 3642 5
1362 3589 1402 3640 in·

255 3678 379 3744 potemus
399 3679 428 3744 (ιι
446 3692 467 3730 a.
488 3681 514 3743 ο)
534 3675 562 3729 R
635 3675 818 3728 diudicemus
841 3675 913 3729 Cae.
995 3692 1080 3746 eaque
1098 3676 1127 3731 R
1211 3677 1358 3745 placebunt
1376 3677 1404 3730 R

256 3763 501 3833 9fuerintpa1tcs
526 3765 600 3832 Vpe.
728 3769 836 3818 externo
855 3764 883 3818 R
901 3765 1029 3818 hesterno
1049 3765 1094 3832 (he
1110 3781 1131 3818 e.
1154 3765 1182 3830 l.)
1207 3764 1229 3818 0
1248 3768 1356 3819 esterno
1380 3765 1406 3818 V
1496 3763 1500 3767 ’

258 3853 290 3908 10
311 3852 498 3921 exculpabitur
516 3853 544 3908 R
564 3852 688 3922 culpatur
710 3852 733 3906 0
752 3853 903 3923 culpabiter
921 3856 948 3920 (u
966 3869 986 3908 a.
1008 3855 1032 3920 e)
1054 3852 1078 3906 0
1140 3853 1361 3918 refertioribus
1383 3853 1406 3907 0

258 3940 457 3996 auctoribusO
512 3941 555 3994 «18
574 3939 723 4009 praelioO
799 3943 827 3993 et
845 3942 873 3994 in
891 3941 951 4010 ipso
970 3940 998 3995 R
1016 3941 1076 4009 ipsa
1100 3941 1173 4009 Vpc.
1229 3942 1262 3995 19
1282 3940 1403 3995 adsiduis

257 4047 342 4084 cmo
427 4028 558 4085 offuscato
578 4029 695 4092 R,l⁷a.c.
715 4029 857 4082 offuscatio
881 4029 954 4097 Vpc.
1046 4029 1080 4084 20
1100 4030 1204 4100 agnitio
1222 4031 1299 4084 nulla
1319 4031 1405 4096 (nulla
1469 4057 1472 4061 ·

256 4135 277 4172 e.
298 4120 314 4172 t.
334 4120 391 4188 m2)
414 4117 528 4170 Onulla
547 4118 651 4186 agnitio
670 4135 686 4172 c
780 4135 809 4172 sc
829 4119 975 4171 certamine
999 4117 1025 4172 V
1095 4119 1127 4172 21
1149 4121 1277 4188 perurget
1294 4117 1406 4173 RAOV

257 4207 292 4259 22
312 4205 461 4275 contorum]
483 4209 638 4259 cunctorum
657 4207 693 4260 Co
748 4208 781 4260 23
802 4207 839 4275 et]
861 4211 902 4260 est
920 4205 948 4260 R
1003 4207 1036 4260 24
1057 4208 1165 4261 consilii
1183 4207 1211 4262 R
1269 4209 1303 4262 25
1322 4209 1404 4261 miae-

257 4312 316 4348 rum
339 4311 382 4348 me
405 4297 464 4364 (φεῦ
488 4301 532 4346 τοῦ
557 4294 683 4364 addoocl]
710 4300 774 4363 ote.
794 4297 934 4364 miserum)
953 4296 1080 4350 miserum
1100 4314 1143 4350 me
1166 4291 1356 4351 Omiserrirrre
1382 4297 1406 4352 V
