3204 4996
615 486 910 556 Prolegomena.
1296 487 1335 554 11,

186 680 304 744 Billius
327 679 551 761 interpretatus
576 682 625 744 est
647 683 767 745 textum
790 678 961 745 Graecum:
980 683 1058 764 πρὸς
1081 687 1152 757 τοὺς
1176 681 1336 746 πολιτευο-

187 785 298 870 μένους
320 783 496 864 Nutantes
520 786 867 868 &perseveranciam
890 790 1027 872 ἄρχοντα
1051 788 1258 873 ὀργιζόμενον.
1282 789 1339 852 sed

188 892 321 957 Rufinus
351 912 409 956 sua
438 895 549 974 sponte
577 892 708 956 tibrlum
741 892 896 958 Graccum
923 896 1066 959 motasse
1093 893 1231 972 uidetur,
1255 895 1338 976 quod

188 999 290 1064 oratio
318 1017 424 1074 coram
452 997 579 1062 ciuibus
609 997 816 1065 Nazianzenis
845 999 954 1064 habita
980 1019 1092 1082 parum
1120 1001 1158 1065 ad
1186 1019 1240 1066 eos
1272 1020 1339 1083 per-

188 1104 323 1183 tinebat,
353 1105 408 1187 qui
434 1104 467 1168 in
496 1103 658 1174 occidente
685 1105 975 1188 interpretationem
998 1106 1198 1171 Rufinianam
1226 1107 1341 1172 lecturi

191 1208 294 1296 orantk
323 1210 431 1292 itaqua
459 1210 497 1275 de
526 1230 584 1276 sao
607 1210 771 1295 inscripsit
794 1212 980 1278 orationem:
1004 1213 1043 1275 cle
1066 1211 1230 1276 Hieremia
1257 1212 1341 1276 dicta

183 1320 350 1400 praesente
372 1317 560 1398 imperatore
581 1317 668 1398 apnd
685 1338 775 1398 qnam
797 1322 826 1382 et
843 1319 1005 1383 intercedit
1021 1339 1084 1402 pro
1104 1318 1242 1400 quodam
1254 1320 1340 1400 peri·

192 1423 318 1488 atitantc
342 1424 517 1490 secuudum
542 1424 680 1505 optimos
707 1425 844 1501 codicem
870 1425 1061 1490 deteriorum
1080 1426 1226 1492 codicum
1245 1425 1341 1491 lectio

191 1531 230 1594 de
262 1528 430 1594 hieremiae
461 1529 554 1594 dictis
577 1549 596 1596 a
617 1531 746 1596 librario
780 1530 918 1614 quodam
950 1533 1092 1614 profecta
1125 1535 1183 1612 est,
1215 1531 1270 1614 qui
1303 1531 1341 1595 ad

191 1636 276 1701 diota
305 1640 409 1701 mente
437 1636 649 1720 supplendum
678 1656 748 1702 esse
777 1638 878 1701 oratio
904 1637 1070 1721 ignorabat
1102 1635 1157 1724 (ci.
1184 1638 1343 1720 inscripti·

193 1762 284 1807 onem
309 1742 459 1808 orationis
484 1746 613 1826 quartae
636 1763 667 1826 p.
688 1746 761 1823 137,
783 1749 802 1810 5
825 1745 857 1808 in
882 1743 1108 1832 adnotatione).
1132 1745 1229 1810 simili
1248 1745 1341 1810 modo

192 1849 328 1916 Rufinus
357 1849 530 1914 orationem
555 1850 610 1928 IX,
639 1849 692 1915 oni
719 1850 904 1916 inscribitur
931 1851 1015 1933 apud
1045 1850 1234 1935 Gregorium
1261 1853 1343 1916 κατὰ

191 1955 391 2041 Εὐνομιανῶν
409 1955 613 2040 apodicticis,
637 1957 698 2022 alio
717 1956 886 2041 insigniuit
904 1958 1015 2022 titulo:
1036 1956 1074 2022 de
1092 1958 1245 2022 Arrianis
1264 1955 1345 2038 qnod

193 2082 257 2126 non
285 2063 354 2128 ticet
378 2083 499 2144 semper
526 2067 555 2126 et
576 2063 701 2144 publice
728 2063 766 2128 de
788 2062 846 2128 deo
869 2065 1061 2140 contendere,
1086 2084 1159 2129 cum
1184 2084 1246 2147 quo
1272 2083 1343 2129 con-

193 2169 321 2253 ferenda
339 2172 389 2234 est
406 2170 571 2253 inscriptio
592 2169 742 2234 orationis
762 2170 884 2238 XXXII
905 2168 1129 2254 Gregorianae:
1148 2172 1218 2255 περὶ
1240 2180 1294 2256 τῆς
1313 2172 1348 2235 ἐν

195 2275 365 2353 διαλέξεσιν
396 2275 534 2354 εὐταξίας
567 2279 620 2339 nal
652 2278 698 2340 ὅτι
730 2278 767 2340 οὐ
795 2279 910 2352 παντὸς
937 2276 1108 2360 ἀνθρώπου
1133 2280 1204 2341 οὔτε
1230 2280 1347 2354 παντὸς

195 2392 306 2468 καιροῦ
328 2385 364 2447 τὸ
387 2385 457 2467 περὶ
485 2383 564 2448 {teob
588 2383 801 2466 διαλέγεσθαι.

239 2489 409 2568 Nonnullis
446 2489 526 2554 locis
564 2489 695 2556 Wrobel
736 2490 978 2572 grauioribus
1021 2510 1129 2573 quarn
1171 2491 1347 2574 oportuit

200 2617 297 2662 usus
326 2599 385 2660 ast
411 2595 572 2660 medelis
601 2596 645 2660 ad
674 2597 837 2661 sananda
870 2596 1066 2680 archetypi
1099 2597 1237 2675 menda,
1267 2615 1347 2680 quae

198 2705 366 2768 maximam
400 2706 522 2784 partem
556 2702 715 2785 simplicia
747 2721 817 2768 esse
846 2703 1022 2768 docuimus.
1051 2703 1158 2785 itaque
1186 2723 1217 2784 p.
1245 2701 1280 2787 l,
1306 2701 1348 2768 lb

197 2811 284 2892 apnd
306 2809 543 2876 Nazianenm
566 2809 658 2874 brene
682 2808 830 2889 oppidem
857 2808 942 2873 hand
970 2812 1055 2873 recte
1084 2809 1250 2873 emendata
1277 2827 1347 2874 essa

197 2921 285 3001 puto,
314 2936 394 2999 quae
418 2915 587 2980 traduntur
614 2916 779 2982 codicibus
808 2914 988 3002 (ncneanro
1010 2914 1063 2981 ΒΟ
1094 2933 1292 3001 naaaneenco
1321 2915 1347 2980 Ο

197 3023 334 3090 nazanci
363 3021 392 3088 A
423 3041 601 3088 noeanrnm
634 3021 725 3088 codd.
759 3015 966 3108 doteriores),
990 3022 1074 3103 quod
1107 3021 1189 3086 enim
1223 3019 1348 3086 codices

198 3129 319 3194 nullius
343 3127 542 3193 auctoritatis
567 3127 786 3192 accusetiuum
810 3127 962 3210 praebent
981 3131 1014 3192 et
1032 3127 1201 3210 genetiuus
1224 3146 1350 3210 quoquc

198 3239 231 3302 in
253 3235 282 3302 A
304 3235 380 3302 uilis
409 3234 637 3300 emendationis
667 3236 806 3316 speciem
829 3255 902 3316 prae
932 3254 965 3299 se
993 3235 1063 3312 fert,
1089 3235 1190 3299 torma
1213 3234 1349 3299 nominis

198 3344 231 3407 in
259 3362 289 3406 -o
318 3341 464 3409 desinens
493 3340 532 3404 ad
561 3340 724 3423 archetypi
751 3340 901 3406 mendum
930 3341 1093 3405 referenda
1117 3359 1187 3405 osse
1210 3341 1350 3419 uidetur,

201 3449 286 3532 quod
311 3448 405 3516 facile
432 3447 558 3514 tollitur
586 3446 752 3513 scribendo
780 3466 969 3512 nanraneon
996 3449 1050 3512 uel
1082 3447 1269 3513 naeianeon.
1304 3447 1351 3510 sic

200 3557 282 3622 enim
307 3555 440 3620 Rufinus
465 3555 560 3620 etiam
583 3555 615 3619 in
638 3555 722 3618 Hist
747 3555 930 3620 eccl.le
956 3552 1001 3642 (p.
1027 3555 1126 3632 1016,
1153 3553 1192 3618 19
1217 3555 1352 3617 Momm·

201 3661 269 3750 sen)
293 3662 433 3743 scripsit,
458 3679 651 3743 quamquam
671 3661 767 3724 etiam
786 3660 844 3726 boc
864 3661 933 3725 loco
955 3679 992 3724 ne
1012 3680 1073 3724 uno
1095 3659 1221 3742 quidem
1242 3657 1352 3722 codiee

202 3770 279 3834 baec
302 3769 403 3834 forma
427 3771 554 3832 seruata
578 3771 640 3843 est;
666 3767 790 3832 uariant
814 3770 920 3831 autem
949 3768 1032 3844 libri,
1058 3785 1191 3848 quornm
1217 3763 1353 3828 anctori-

202 3880 267 3940 tate
290 3874 482 3940 Mommseni
505 3873 647 3939 recensio
675 3873 798 3951 nititur,
828 3873 910 3936 inter
932 3893 1097 3937 nanaaneo
1122 3872 1187 3949 NF,
1211 3889 1354 3936 maroneo

203 3982 264 4060 LP,
287 4000 392 4047 ncneo
416 3980 458 4045 0¹
482 3984 513 4044 et
535 3981 672 4044 naranri
690 3977 740 4042 Οἳ.
764 4015 807 4024 -
830 3977 888 4062 92,
907 3977 935 4043 9,
948 3998 1012 4042 csse
1034 3980 1117 4041 enim
1140 3977 1240 4058 ipsias
1258 3980 1354 4044 totam

202 4093 246 4164 est
269 4092 297 4151 et
319 4107 439 4168 semper
462 4090 514 4166 est,
538 4087 621 4170 qnod
643 4104 739 4165 nepae
762 4087 860 4165 coepit
882 4106 1031 4166 empnam
1058 4103 1155 4165 nepae
1179 4081 1354 4164 aliqnando

204 4195 333 4260 cessabit
364 4192 497 4276 (natat)
528 4190 741 4274 insuperabile
768 4190 925 4271 peonnam
942 4241 948 4254 .
967 4240 973 4255 .
991 4241 997 4254 .
1007 4191 1141 4273 petapns
1174 4209 1234 4254 non
1268 4188 1355 4252 neiat

206 4302 262 4378 aad
283 4307 319 4366 nt
339 4300 493 4366 excidisse
513 4299 720 4364 uerisimilius
742 4302 801 4375 ast,
822 4298 907 4379 quod
924 4299 956 4363 in
977 4299 1146 4382 archetypo
1166 4297 1247 4361 falso
1267 4313 1355 4377 prae-

206 4409 338 4474 cedebat
361 4408 512 4472 cessonit
534 4403 596 4493 (aio
619 4403 746 4492 Rocv)
771 4407 803 4470 et
825 4425 881 4488 per
907 4405 1167 4488 baplographiam
1199 4402 1355 4486 quandam

234 4531 356 4572 xmvr.
369 4529 447 4569 nunni
460 4539 514 4580 pm
528 4526 548 4572 1.
1304 4506 1320 4558 d
