3194 4982
521 367 567 421 IV.
586 369 632 422 De
650 371 850 438 pentecoste
871 370 985 424 10-12.
1261 371 1322 436 155

174 582 235 628 non
260 563 326 626 sine
351 565 460 627 sancto
486 563 599 646 spiritu
624 565 760 646 apostoli
782 563 1000 646 procurabant.
1024 569 1093 630 tum
1117 565 1228 630 deinde
1251 570 1325 650 post

174 670 435 756 resurrectionem
473 670 639 734 manifeste
673 670 751 736 dicit
783 671 924 736 saluatur
956 671 995 736 ad
1028 673 1202 756 discipulos
1236 692 1324 738 suos:

176 776 355 859 accipite
371 777 563 859 spiritum
579 781 773 856 sanetum,
793 781 825 842 et
839 779 1017 844 insufflanit
1030 779 1061 843 in
1077 780 1189 844 faciem
1205 798 1323 846 eorum.

175 883 369 948 tortio-uero
394 885 425 946 in
449 885 567 967 linguis
591 885 693 968 igneis
717 884 829 961 adfuit,
854 887 885 950 et
909 886 985 950 haec
1005 890 1054 950 est
1072 885 1135 951 ista
1152 887 1324 964 festiuitas,

139 1009 157 1068 ,o
177 1009 271 1072 quam
304 1008 386 1054 nuno
419 989 552 1072 agimus.
590 989 691 1072 prima
723 1009 797 1074 ergo
831 991 899 1055 sius
932 991 988 1054 illa
1019 992 1198 1073 praeseutia
1229 992 1323 1074 paulo
1353 997 1368 1048 5

176 1094 340 1160 obscurior
363 1098 395 1160 et
419 1095 548 1160 celatior
571 1095 642 1173 luit,
671 1097 808 1160 secunda
831 1114 905 1160 uero
929 1097 992 1160 iam
1016 1096 1223 1174 manifestior,
1248 1096 1325 1160 baso

177 1205 283 1266 autam
315 1202 409 1266 tertia
442 1202 620 1267 euidentior
647 1206 679 1266 et
705 1203 885 1285 perfectior,
919 1222 982 1285 qua
1009 1222 1069 1267 non
1098 1203 1202 1268 solum
1231 1219 1325 1286 opere

177 1309 276 1388 adest,
304 1328 416 1372 uerum
440 1309 536 1372 etiam
560 1307 823 1386 substantialiter,
849 1310 877 1374 si
901 1309 963 1374 dici
986 1313 1102 1390 potest,
1126 1311 1251 1391 praesto
1277 1311 1326 1374 est

176 1415 240 1478 iam
272 1433 333 1478 non
367 1415 406 1478 ad
436 1413 693 1479 sanctificandum
722 1415 787 1492 sed,
821 1418 857 1478 ut
884 1415 930 1480 ita
958 1414 1099 1492 dixerim,
1133 1416 1172 1479 ad
1200 1415 1325 1480 cohabi—

132 1539 159 1584 ιο
177 1521 318 1587 tandum.
347 1540 379 1584 re
408 1521 491 1584 enim
519 1540 595 1586 uera
619 1521 749 1605 dignum
775 1523 841 1585 erat
865 1524 905 1596 et,
935 1539 1007 1585 oum
1030 1520 1122 1585 Issus
1146 1521 1236 1586 nobis
1261 1540 1325 1585 cor·
1353 1529 1369 1584 6

175 1627 326 1710 poraliter
344 1627 537 1705 aduenisset,
558 1628 654 1691 etiam
674 1627 820 1710 spiritum
840 1628 931 1692 nobis
952 1628 1155 1709 corporaliter
1177 1647 1326 1710 apparere
1434 1643 1437 1653 “

177 1738 218 1812 et,
247 1753 320 1798 cum
346 1731 491 1798 Christus
521 1734 559 1797 ad
582 1734 688 1816 ipsum
715 1734 920 1811 ascendisset,
944 1734 1050 1816 ipsum
1075 1734 1262 1798 descendere
1287 1735 1326 1808 ad

176 1859 244 1916 nos,
269 1839 323 1921 qui
342 1840 432 1905 uenit
451 1841 634 1923 quidemst
653 1841 798 1905 dominus
818 1841 848 1904 in
867 1842 1036 1923 potestate,
1061 1839 1200 1905 mittitur
1219 1844 1325 1905 auteur

177 1949 339 2028 tamquam
356 1947 420 2029 'qui
443 1967 504 2010 nou
529 1947 573 2011 sit
597 1947 772 2012 contrarius
797 1947 864 2012 deo.
892 1946 947 2011 isti
972 1947 1055 2012 anim
1080 1965 1240 2011 sermones
1263 1965 1325 2010 non

82 2041 84 2044 ’
132 2056 322 2118 uncturam
347 2057 503 2137 separant,
527 2055 584 2118 sed
610 2053 806 2118 concordiam
833 2053 956 2119 docent.

225 2161 275 2222 12.
307 2159 476 2241 Propterea
504 2162 610 2224 autem
638 2163 712 2242 post
739 2158 912 2237 Christum,
946 2163 983 2224 ut
1010 2179 1092 2225 unus
1120 2158 1211 2224 nobis
1238 2177 1326 2240 para·

179 2264 291 2342 cletus,
321 2265 353 2328 id
381 2269 430 2329 est
458 2266 632 2331 aduocatos
661 2267 713 2330 uel
743 2267 930 2345 consolator,
960 2285 1132 2350 numquam
1161 2265 1253 2330 desit.
1281 2265 1326 2328 id·

179 2371 260 2435 circo
285 2375 390 2435 autern
415 2372 507 2437 ‘alius
531 2373 721 2455 paraeletus'
745 2372 869 2451 dicitur,
893 2376 931 2438 ut
953 2373 1177 2456 aequalitatem
1196 2374 1327 2436 naturae

179 2495 215 2542 ae
242 2480 411 2560 potestatis
440 2498 603 2563 agnoscas.
632 2480 736 2544 ‘alius'
765 2479 848 2544 enim
872 2480 931 2544 hoo
956 2483 1005 2544 est
1028 2479 1120 2543 ‘alins
1145 2485 1224 2562 ego‘,
1254 2478 1327 2560 quia
1381 2547 1382 2550 ,

133 2605 160 2648 ao
179 2585 284 2648 ‘alius'
310 2605 369 2650 uon
399 2584 515 2650 dieitur
542 2587 581 2650 de
610 2606 645 2651 eo
676 2587 730 2669 qui
754 2585 884 2651 alterius
914 2586 1038 2670 generis
1063 2586 1115 2663 sit,
1141 2585 1196 2650 sed
1222 2585 1260 2648 de
1289 2603 1325 2648 eo

180 2691 233 2772 qui
267 2691 408 2756 eiusdem
442 2693 485 2758 sit
518 2694 715 2758 substantiae
748 2695 801 2757 uel
833 2696 974 2757 naturae.
1008 2693 1084 2775 quid
1121 2696 1226 2757 autem
1265 2690 1327 2756 sibi
1354 2707 1370 2758 2

179 2797 307 2862 uidetur
339 2799 423 2880 quod
454 2800 485 2864 in
517 2801 636 2884 linguis
663 2800 772 2864 uenit?
805 2801 873 2864 sine
901 2801 1007 2878 dubio,
1040 2803 1076 2865 ut
1102 2799 1326 2883 proprietatem

180 2923 269 2968 suam
289 2907 322 2969 et
340 2907 646 2989 consanguinitatem
667 2908 823 2989 quandam
838 2907 990 2998 ostendat
1009 2907 1047 2970 ad
1067 2907 1209 2970 uerbum.
1233 2923 1327 2986 quare

181 3015 286 3074 autem
315 3011 344 3074 in
369 3013 472 3096 igneis
496 3014 637 3098 linguis?
665 3018 702 3077 ut
725 3014 945 3098 purgationem
969 3013 1101 3088 indicet3
1130 3012 1221 3076 nouit
1244 3011 1325 3076 enim

134 3115 287 3180 rediuiua
314 3117 471 3199 scriptura
499 3139 554 3201 per
581 3119 687 3202 ignem
715 3119 782 3183 fieri
811 3119 1042 3202 purgationem,
1072 3138 1145 3184 cum
1170 3117 1258 3182 dicit:
1289 3119 1326 3180 et

187 3297 188 3300 Ἴ
269 3341 284 3395 3
307 3341 366 3395 Ioh.
390 3341 434 3406 20,
459 3341 492 3396 22
630 3343 662 3397 18
687 3341 719 3396 cf.
743 3342 802 3396 Ioh.
828 3342 869 3406 14,
897 3344 929 3396 16
1057 3343 1092 3395 24
1116 3341 1149 3395 cf.
1173 3342 1234 3396 Act.
1260 3343 1284 3410 2,
1310 3344 1325 3396 3

180 3431 214 3484 25
234 3431 305 3484 Esai.
327 3434 350 3496 1,
370 3433 404 3486 25

218 3557 231 3610 1
251 3556 315 3625 non]
334 3573 383 3609 nos
408 3556 434 3608 V
503 3561 552 3625 spu
572 3561 616 3609 sto
635 3555 663 3610 R
735 3560 793 3632 turn
814 3554 963 3625 deniquae
1023 3555 1039 3607 2
1059 3552 1281 3607 manifestissime
1299 3555 1326 3607 A

182 3647 299 3700 itertio
321 3647 396 3701 Ouo.
470 3647 533 3715 qua]
556 3662 623 3714 quae
646 3646 668 3699 O
688 3646 751 3714 quia
769 3646 796 3698 A
815 3645 842 3698 in
863 3661 917 3714 qua
940 3644 966 3696 V
1036 3659 1117 3712 opera
1138 3643 1161 3698 0
1214 3643 1230 3696 8
1249 3643 1286 3697 sis
1304 3643 1327 3698 O

181 3734 451 3802 9quobabitaudum
469 3735 497 3790 R
535 3735 568 3788 10
588 3739 615 3788 et
634 3734 816 3803 Eupelbreebt
835 3736 866 3786 ut
885 3733 997 3788 ceddo
1052 3720 1094 3786 iba
1116 3731 1153 3785 Co
1191 3733 1223 3786 11
1244 3733 1326 3786 etiam

180 3825 259 3878 nobis
278 3824 404 3894 spiritum
428 3824 454 3876 V
541 3824 651 3892 spiritus
674 3822 711 3877 Co
810 3823 993 3892 corporalibus
1011 3821 1040 3876 R
1135 3821 1326 3891 apparaereR

182 3916 324 3983 appareret
344 3913 381 3968 Ov
447 3914 479 3966 12
500 3916 528 3966 ct
546 3929 596 3967 om.
619 3911 642 3966 Ο
713 3915 740 3966 et
759 3913 848 3981 ipsum
868 3911 1024 3966 discendere
1043 3912 1070 3966 R
1126 3912 1158 3964 16
1178 3909 1325 3979 Christum]

182 4003 247 4058 add.
266 4002 343 4056 uenit
370 4003 394 4054 V
505 4001 658 4071 paracletus
677 4001 755 4054 Rae.
776 4001 930 4070 paraclytus
949 4001 976 4054 A
994 4000 1141 4069 paraclitus
1163 3998 1328 4066 OV‚Rp.c.,o

183 4093 216 4146 18
234 4092 389 4162 paracletus
407 4090 513 4146 Rome.
534 4091 682 4160 paraclitus
702 4095 759 4157 cet,
778 4107 793 4144 v
899 4091 931 4144 19
950 4091 994 4143 hic
1012 4090 1056 4142 Ao
1164 4105 1214 4157 ego
1233 4105 1284 4142 om.
1307 4087 1329 4142 0

181 4182 214 4235 21
236 4183 272 4234 sit
291 4197 342 4234 om.
367 4181 392 4234 V
479 4181 543 4250 sibi]
566 4180 630 4232 add.
650 4179 755 4233 uelleo
837 4179 871 4232 23
891 4178 1033 4248 quamdam
1052 4177 1080 4232 R
1098 4177 1233 4247 quondam
1255 4176 1326 4230 ΟΜ.

182 4269 302 4324 ostendit
320 4273 348 4337 (a
366 4287 388 4324 s.
407 4269 426 4336 i)
446 4269 473 4324 R
