3214 4988
281 403 323 466 26
799 395 916 450 Rufini

278 592 468 658 industriam
492 612 583 658 suam
606 593 691 658 uitae
715 591 799 670 huic,
828 611 923 674 quam
947 611 1042 674 supra
1064 597 1162 656 terras
1194 591 1330 674 agimus,
1359 609 1428 656 cou—

280 701 361 765 ferre
397 700 573 776 uideantur,
616 703 648 764 et
684 699 841 764 interdum
879 699 964 764 uitae
1001 699 1164 764 homiuum
1205 699 1427 782 pessimorum,

282 807 396 888 quibus
421 807 496 871 olim
520 826 556 872 er
580 807 639 872 hoc
663 806 780 872 mundo
805 806 966 872 discedere
990 824 1156 872 commune
1180 806 1284 872 fuerat
1302 806 1428 871 bonum.

236 919 252 972 3
281 913 365 995 quod
399 913 524 978 etiamsi
556 913 711 979 bonorum
743 913 828 978 uitae
860 931 916 994 per
948 913 1025 978 haec
1058 914 1241 990 consulunt,
1274 916 1427 994 quantum

279 1019 360 1084 illud
384 1024 432 1084 est
451 1021 536 1102 quod
556 1039 592 1084 ex
611 1020 670 1086 hoc
689 1020 858 1098 confertur,
883 1039 956 1084 cum
974 1019 1007 1083 id
1027 1020 1175 1086 continuo
1194 1020 1264 1104 ipsa
1282 1023 1427 1084 uetustas
1459 1035 1471 1077 5

281 1126 393 1191 aetatis
418 1145 453 1192 sc
479 1127 652 1191 senectutis
678 1126 837 1192 absoluat!
867 1127 942 1208 quid
971 1126 1055 1192 enim
1079 1126 1235 1208 estquod
1259 1127 1428 1208 unusquis·

280 1253 339 1316 que
364 1234 516 1300 bonorum
542 1253 577 1298 ex
600 1234 657 1298 hac
682 1233 749 1298 nita
771 1234 921 1310 lucretur,
946 1251 1019 1298 cum
1044 1236 1164 1298 eertum
1184 1233 1226 1296 sit
1247 1233 1321 1314 quia
1339 1253 1427 1298 nemo

279 1339 483 1422 prudentium
512 1339 643 1424 diligere
671 1339 703 1404 id
733 1339 845 1404 debeat
873 1339 958 1422 quod
985 1340 1072 1404 omni
1103 1342 1196 1423 pacto
1228 1341 1325 1421 paule
1358 1343 1429 1421 post

281 1446 458 1512 emissurus
489 1446 551 1510 sit?

325 1556 377 1620 28.
400 1553 467 1620 Nos
498 1573 582 1631 uero,
612 1553 730 1636 quibus
758 1554 934 1636 perieulum
962 1573 1017 1636 pro
1046 1554 1149 1618 salute
1178 1556 1228 1620 est
1256 1554 1469 1620 animaruum

280 1665 313 1726 et
341 1660 455 1743 quibus
484 1679 538 1742 pro
567 1660 794 1725 inmortalitate
823 1664 980 1726 certamen
1009 1665 1057 1726 est
1090 1667 1122 1724 et
1156 1661 1207 1725 uel
1241 1661 1278 1726 de
1312 1662 1427 1744 gloriae

279 1769 333 1832 uel
366 1767 403 1832 de
440 1786 559 1850 poenae
596 1769 783 1833 aeternitate
820 1769 979 1832 cententio
1012 1805 1055 1814 ψ
1088 1787 1104 1832 e
1142 1766 1259 1850 quibus
1297 1769 1427 1832 alterum

280 1876 395 1950 uirtus,
415 1876 549 1940 alterum
571 1873 691 1938 desidia
709 1875 909 1956 praeparabit
927 1911 980 1952 -,
1001 1878 1153 1956 quantum
1174 1877 1300 1956 oportet
1313 1874 1428 1940 laboris

281 1981 442 2064 studiique
467 1981 639 2064 suscipere,
668 1985 820 2062 quantum
844 1981 1018 2046 industriae
1042 1983 1095 2046 uel
1120 1981 1250 2046 uirtutis
1274 1980 1429 2065 adbibere,

281 2092 317 2152 ut
335 2089 436 2152 curati
455 2088 555 2166 uitiis,
580 2086 737 2152 emendati
757 2087 909 2166 moribus,
933 2088 1095 2171 proposito
1116 2088 1248 2154 correcti
1267 2088 1428 2169 possimus
1446 2100 1470 2142 15

281 2198 313 2258 et
348 2194 515 2260 transferre
553 2195 653 2258 uitam
689 2198 828 2260 nostram
867 2215 884 2258 a
920 2194 1138 2278 praesentibus
1177 2193 1216 2258 ad
1253 2195 1360 2258 futura
1399 2192 1429 2258 et

237 2305 254 2356 2
283 2300 426 2366 subicere
464 2319 500 2364 ac
537 2301 671 2366 subdere
708 2305 823 2366 terram
861 2301 1001 2382 spiritui!
1040 2301 1124 2366 sicut
1161 2320 1234 2386 ergo
1272 2320 1333 2366 non
1370 2319 1429 2364 una

283 2405 456 2470 medicinas
481 2407 602 2488 species
632 2408 779 2472 omnibus
807 2407 984 2483 adhibetur,
1012 2408 1058 2472 ita
1086 2427 1187 2489 neque
1215 2407 1299 2474 idem
1329 2425 1428 2470 sermo

284 2512 432 2576 conuenit
455 2513 622 2590 uniuersis,
650 2514 820 2580 nunidem
843 2518 949 2580 motus
974 2515 1115 2597 conpetit
1136 2515 1272 2578 feminae
1303 2517 1335 2577 et
1362 2513 1428 2576 uiro

246 2695 250 2698 .
284 2619 338 2684 uel
361 2619 428 2684 seni
452 2639 487 2683 ac
510 2620 629 2698 iuueni,
654 2640 753 2702 neque
778 2621 909 2704 pauperi
929 2625 961 2686 et
980 2621 1083 2699 diuiti,
1106 2610 1199 2686 laetis
1219 2619 1471 2695 astrictionem

282 2727 491 2792 incommodis
520 2731 552 2791 et
579 2728 716 2811 uegetis,
749 2729 942 2812 principibus
976 2732 1009 2794 et
1040 2729 1202 2804 subiectis,
1236 2727 1430 2810 sapientibus

284 2836 316 2898 et
338 2833 492 2916 inperitis,
516 2835 638 2900 timidis
664 2838 696 2900 et
718 2835 903 2912 audacibus,
931 2835 1091 2900 iracundis
1116 2839 1149 2900 et
1170 2835 1313 2913 mitibus,
1343 2832 1431 2918 profi·

285 2940 441 3005 cientibus
467 2945 498 3006 et
522 2942 764 3008 declinantibus.

329 3049 379 3112 29.
421 3049 462 3112 Et
497 3052 534 3113 ut
570 3050 672 3114 adhuc
709 3050 857 3114 interiore
893 3050 1080 3132 perquiram,
1118 3068 1179 3114 non
1217 3049 1327 3112 eadem
1364 3066 1432 3112 eon·

285 3156 413 3220 uenient
440 3155 490 3218 his
520 3157 573 3238 qui
602 3156 631 3220 in
662 3156 819 3239 coniugiis
848 3160 923 3220 sunt
951 3160 982 3220 et
1014 3156 1064 3220 bis
1098 3156 1153 3237 qui
1186 3155 1277 3220 liberi
1310 3158 1383 3218 sunt
1415 3163 1474 3216 ab

285 3262 445 3344 coniugali
468 3263 553 3346 iugo.
582 3261 637 3326 sed
662 3265 693 3326 ct
715 3262 797 3326 inter
823 3261 912 3344 ipsos
939 3281 1065 3326 rursum
1093 3259 1267 3328 differentia
1297 3264 1355 3338 est,
1385 3279 1432 3323 ee-

379 3541 411 3594 10
431 3539 465 3594 cf.
485 3540 498 3592 I
517 3539 590 3594 Petr.
611 3541 635 3604 l,
655 3540 671 3592 9

326 3770 338 3822 l
359 3771 492 3823 terrama
568 3770 584 3822 3
604 3767 742 3824 discedere
765 3767 834 3836 Ope.
927 3767 1113 3838 communali
1189 3768 1206 3820 4
1226 3769 1372 3823 consulunt
1389 3785 1436 3838 per

288 3859 355 3912 haec
379 3856 406 3908 V
457 3856 654 3925 Sprudentnm
677 3856 775 3924 Cp.c.,c
848 3855 1013 3923 dilcgcreO
1060 3855 1261 3910 90bmissurus
1279 3856 1308 3923 (b
1327 3857 1390 3922 ins.)
1409 3856 1436 3910 R

288 3947 436 4000 emissurus
455 3945 526 3998 AVo
631 3945 661 3998 11
684 3947 784 4000 certem
803 3944 830 3998 R
848 3947 876 4012 (a
888 3960 952 4012 pc,
971 3949 1003 3998 ut
1020 3943 1141 4010 addetur)
1237 3946 1269 3999 12
1289 3945 1437 4014 paenan

288 4053 374 4104 penae
397 4034 420 4088 C
500 4035 522 4102 e]
543 4050 574 4088 ae
599 4033 625 4086 V
704 4034 736 4088 13
756 4034 929 4102 praeparauit
946 4033 1027 4088 OAV
1100 4035 1133 4088 14
1152 4034 1267 4088 uirtutes
1286 4035 1307 4100 (i
1325 4051 1346 4088 a.
1366 4039 1391 4102 e)
1415 4033 1437 4086 0

288 4125 388 4178 uirium
416 4140 432 4175 o
528 4124 561 4178 15
591 4122 726 4178 emendati
755 4123 795 4191 (at
822 4123 851 4176 icc
879 4122 949 4192 roci.)
979 4122 1002 4175 O
1103 4123 1237 4193 propositi
1265 4123 1383 4192 correpti
1414 4122 1440 4176 V

292 4214 324 4267 18
352 4212 488 4275 medicina
518 4212 591 4266 Coc.
667 4213 699 4266 19
727 4213 859 4281 competit
885 4211 908 4265 O
939 4212 1105 4266 conuenite
1177 4213 1211 4266 22
1235 4211 1438 4282 proficientibus

290 4304 319 4354 et
338 4299 537 4353 declinantibus
557 4317 607 4354 om.
629 4301 655 4354 R
709 4301 744 4354 25
763 4301 792 4353 in
811 4300 937 4368 coniugio
957 4301 984 4353 A
1038 4300 1072 4354 26
1093 4299 1158 4368 cord
1175 4301 1202 4356 R
