3214 4988
212 403 255 468 38
733 399 850 454 Rufini

212 595 387 660 admiscere
420 600 453 663 et
482 615 540 678 per
569 598 685 660 terram
715 599 888 679 repentem,
927 596 981 678 qui
1013 597 1068 662 uel
1097 597 1205 663 iocum
1238 600 1367 662 moueat

213 703 268 766 uel
298 701 473 786 temporale
507 700 628 787 aliquid
659 705 774 782 namet,
806 703 851 768 itu
882 706 920 768 ut
953 703 1087 768 carnalis
1123 703 1206 768 lucri
1239 722 1276 768 ex
1306 705 1366 768 boc

212 808 303 874 nobis
327 807 449 890 aliquid
471 807 637 874 nundinari
659 807 835 887 uideamur,
863 827 936 874 oum
960 809 1006 874 ita
1030 808 1165 894 singulis
1193 809 1366 892 loquimur,

212 918 250 981 ut
270 915 335 998 ipsi
359 915 557 980 delectantur
575 914 695 994 audire,
720 917 752 980 et
770 934 882 982 sumus
902 916 994 980 uelut
1011 915 1208 998 uentriloqui
1227 915 1367 998 quidam,

212 1022 246 1087 id
269 1026 319 1088 est
342 1021 380 1086 de
403 1025 515 1088 uentre
539 1027 571 1086 ot
593 1041 649 1105 pro
673 1025 785 1088 uentre
812 1022 980 1107 loquentes
1009 1026 1043 1087 et
1065 1023 1170 1089 uentri
1198 1022 1230 1086 in
1259 1022 1367 1088 uerbis
1396 1041 1413 1084 s

212 1129 329 1194 nostris
360 1129 507 1195 omuibus
534 1129 750 1212 prouidenter,
784 1129 869 1212 quod
897 1134 946 1196 est
973 1148 1047 1194 uere
1081 1129 1119 1196 de
1152 1133 1236 1195 terra
1268 1130 1367 1212 loqui,

212 1240 250 1303 ut
285 1239 411 1320 placere
447 1236 632 1320 potentibus
670 1239 703 1302 et
739 1235 896 1303 diuitibus
932 1236 1109 1314 uideamur,
1146 1255 1226 1319 quos
1264 1236 1369 1320 magis

215 1343 380 1422 laedimus,
412 1344 511 1410 immo
540 1362 620 1426 quos
647 1344 811 1427 perdimus
840 1347 872 1410 et
899 1363 1033 1427 quorum
1062 1343 1251 1428 sanguinem
1281 1344 1369 1408 inno·

213 1453 335 1516 centem
370 1449 573 1530 effundimus,
611 1449 645 1514 id
678 1452 728 1516 est
761 1450 937 1516 animarum
968 1449 1166 1534 simplicium
1198 1449 1301 1514 uitam
1337 1449 1369 1513 in

212 1557 377 1622 interitum
401 1557 523 1635 damus,
548 1576 629 1640 quae
652 1557 764 1640 ntique
788 1557 826 1622 de
848 1557 966 1622 nostris
989 1556 1135 1622 manibus
1154 1557 1367 1640 exquirentur.
1386 1575 1413 1617 ro

252 1664 310 1728 ·47.
333 1663 393 1730 Pro
417 1664 468 1729 bis
493 1683 567 1749 ergo
592 1664 739 1730 omnibus
759 1663 997 1730 considerabam
1019 1664 1121 1730 multo
1151 1683 1222 1730 esse
1251 1664 1367 1730 melius

213 1771 418 1854 peritioribus
442 1771 514 1836 aliis
538 1771 648 1836 cedere
670 1770 801 1856 regendi
822 1770 961 1837 habenas
985 1789 1081 1853 quam
1109 1790 1221 1836 currus
1248 1772 1368 1854 praeci·

173 1895 176 1936 τ
213 1877 296 1961 pites
325 1897 381 1962 per
406 1877 587 1961 inperitiam
615 1879 698 1956 dare,
732 1881 764 1944 et
790 1877 895 1962 magis
922 1877 1161 1943 accommodare
1189 1897 1298 1942 aurem
1330 1876 1368 1942 ad

214 1984 431 2050 oboedientiae
460 1983 605 2050 auditum
633 2003 727 2066 quom
756 1983 900 2068 linguam
927 1983 1095 2068 inperitam
1121 2002 1262 2048 mouere.
1290 1983 1367 2050 haec

214 2094 342 2176 egomet
363 2111 489 2157 mecum
514 2091 673 2158 disserens
698 2094 731 2157 et
754 2090 932 2156 consiliario
957 2109 1037 2157 usus
1060 2094 1179 2156 memet
1206 2091 1278 2175 ipso
1306 2109 1367 2157 uon
1385 2107 1412 2150 rs

213 2199 309 2275 malo,
325 2200 362 2262 ut
376 2199 494 2281 opinor,
515 2198 695 2278 siminus,
716 2201 800 2264 certe
815 2197 868 2261 uel
882 2197 1005 2274 sedulo,
1025 2198 1111 2262 dicta
1123 2197 1271 2280 factaque
1287 2217 1366 2282 quae

214 2305 254 2370 ad
289 2305 442 2387 pietatem
479 2305 637 2388 portinent
666 2305 786 2371 discere
818 2305 927 2389 potius
959 2304 1108 2389 ignorans
1139 2304 1240 2370 malui
1272 2324 1367 2386 quam

171 2419 188 2472 2
217 2413 339 2478 dooere.
364 2411 504 2495 optabile
528 2431 662 2495 numque
687 2415 737 2478 est
760 2414 793 2477 et
815 2411 895 2476 mihi
917 2429 1081 2494 percarum
1105 2431 1207 2495 usque
1232 2411 1271 2476 ad
1295 2411 1370 2476 ulti-

215 2538 302 2584 mam
321 2517 442 2584 discere
462 2523 669 2597 senectutem,
689 2519 838 2603 quoniam
858 2518 987 2602 quidem
1005 2519 1094 2584 nulla
1112 2521 1200 2584 aetas
1215 2518 1255 2584 ad
1268 2519 1370 2602 perdi·

217 2624 370 2690 scendum
392 2625 538 2692 sufficere
560 2629 678 2709 potest,
698 2627 810 2692 docere
832 2643 908 2690 uero
933 2625 1012 2690 alios
1037 2625 1183 2691 affectare
1207 2645 1292 2703 eum,
1316 2623 1371 2707 qui
1388 2642 1415 2685 ao

215 2737 275 2799 non
300 2731 495 2799 sufficienter
517 2734 692 2800 instructus
712 2736 770 2812 est,
790 2751 841 2798 res
859 2732 939 2796 mibi
958 2732 1085 2798 uidetur
1103 2732 1227 2815 antiqui
1245 2751 1372 2815 prouer-

215 2840 261 2905 bii
291 2841 338 2904 ‘in
368 2839 470 2906 dolio
500 2840 646 2906 discere
680 2843 796 2906 artem
828 2839 966 2924 figuli,
999 2839 1060 2904 hoc
1090 2843 1140 2904 est
1168 2839 1200 2904 in
1229 2839 1370 2922 periculo

216 2946 393 3011 animarum
417 2945 592 3012 doctrinam
622 2945 743 3010 discere
770 2946 911 3030 pietatis.
940 2943 1059 3027 quique
1086 2948 1142 3010 aut
1169 2945 1249 3010 satis
1279 2946 1371 3012 stulti

215 3051 295 3116 mibi
318 3051 469 3117 uidentur
491 3056 548 3118 aut
569 3052 744 3126 temerarii:
769 3051 861 3117 stulti
885 3071 941 3134 pro
966 3071 1013 3130 eo,
1038 3052 1067 3118 si
1090 3052 1122 3116 in
1141 3054 1267 3118 tuntum
1286 3052 1373 3117 bruti

217 3161 293 3224 sunt
315 3162 353 3224 nt
370 3158 523 3243 inperitos
543 3178 577 3224 se
596 3178 667 3224 esse
686 3178 748 3224 non
767 3158 915 3237 sentiant,
939 3159 1109 3238 temerarii,
1133 3158 1161 3223 si
1180 3159 1419 3244 intelleguntur

218 3265 357 3347 quidem,
389 3267 506 3331 audent
529 3269 635 3332 tamen
659 3265 744 3330 adire
767 3266 942 3350 negotium.

310 3529 342 3582 lo
357 3528 391 3584 cf.
406 3529 502 3583 Enoch.
518 3527 543 3598 3,
558 3529 601 3584 20.
618 3527 660 3597 33,
675 3530 701 3582 8.
715 3527 804 3598 Epist.
814 3527 889 3581 Hier.
902 3528 918 3582 6
956 3527 991 3581 22
1006 3525 1040 3584 cf.
1054 3527 1125 3582 Plat.
1141 3527 1224 3598 Gorg.
1239 3546 1265 3599 p.
1282 3527 1370 3584 51412

255 3685 448 3754 ladmiserere
462 3691 504 3756 (ce
517 3705 539 3742 s.
556 3687 648 3757 ere)R
663 3686 932 3756 ammiscereOp.c.,o
983 3687 1109 3742 etum.A
1145 3687 1301 3742 2carnales
1315 3688 1336 3758 (i
1350 3705 1372 3744 a.

220 3779 245 3844 e)
267 3775 291 3830 O
335 3779 354 3832 4
373 3776 539 3832 dilectantur
561 3775 633 3832 Oac.
653 3776 824 3832 delectentur
843 3776 943 3846 Op.c.,o
998 3777 1165 3846 uentriloqui
1184 3775 1243 3847 (qui
1261 3794 1283 3832 a.
1303 3779 1333 3844 1.)
1352 3776 1375 3831 0

219 3868 285 3921 ser
303 3865 377 3934 quod
397 3869 473 3920 esto
564 3866 704 3934 'tplacere
723 3869 762 3932 (re
780 3880 804 3922 a.
822 3865 852 3932 l.)
871 3863 900 3920 R
983 3867 1010 3918 et
1028 3867 1060 3918 ut
1077 3865 1105 3918 A
1195 3864 1375 3922 romanibus

219 3955 320 4010 nostris
340 3955 366 4008 V
438 3955 470 4008 12
488 3953 609 4008 habenas
627 3954 658 4024 (n
675 3969 697 4008 a.
718 3953 746 4020 l.)
768 3955 791 4008 O
864 3955 898 4009 13
916 3953 1102 4008 acommodare
1125 3953 1149 4008 O
1167 3953 1375 4009 adcommodare

219 4044 334 4114 R,0a.c.
408 4041 443 4096 ad
463 4041 664 4097 oboedientiam
685 4044 712 4096 et
732 4041 854 4096 auditum
877 4043 905 4096 V
957 4043 989 4097 15
1010 4043 1129 4114 egomet]
1150 4059 1201 4114 ego
1221 4042 1292 4099 etR
1310 4059 1375 4112 crgo

220 4136 250 4186 et
270 4133 308 4186 Oc
393 4133 426 4186 16
446 4131 497 4202 sin]
517 4131 573 4185 sint
590 4131 618 4185 A
717 4130 856 4201 factaque]
876 4130 1057 4202 quantaq;0
1134 4130 1328 4188 rontemnere
1352 4133 1379 4186 V

222 4221 255 4276 18
274 4220 401 4275 ultimum
420 4221 500 4274 Ram.
557 4220 590 4275 19
611 4220 753 4275 disceres.
773 4221 896 4276 tenco
948 4221 983 4274 20
1002 4221 1128 4276 effectore
1147 4221 1227 4276 Rae.
1300 4223 1375 4291 eum]

220 4314 250 4364 et
268 4310 296 4363 A
351 4309 386 4362 23
406 4307 537 4362 discemre
558 4308 582 4364 Ο
652 4307 732 4362 stulti
750 4308 818 4364 mibi
836 4309 903 4364 satis
921 4307 991 4363 RCc
1009 4310 1077 4364 satis
1095 4308 1164 4364 mihi
1183 4309 1263 4368 stulti
1281 4310 1309 4367 A
