3194 4982
289 465 331 529 98
805 461 922 516 Rufini

289 658 349 722 hoo
392 655 499 721 diuina
539 657 631 722 nobie
673 655 800 721 claritas
841 657 1013 736 retrelatur,
1060 659 1098 722 ut
1142 661 1174 721 ct
1219 657 1441 742 agnoscendus

289 763 380 828 nobis
413 762 531 848 paritor
561 769 594 827 et
625 761 798 827 imitandus
831 762 875 828 sit
906 762 960 827 ille
993 762 1048 845 qni
1085 781 1141 828 nos
1179 783 1215 828 ex
1252 763 1438 828 diuersitate

290 869 449 934 coniunxit
480 868 598 953 quique
630 872 663 932 et
694 869 834 933 resoluat
867 871 899 932 et
930 887 1040 934 rursus
1072 868 1330 953 magnificentius
1369 888 1437 934 con·

288 976 415 1060 ligabit.

336 1085 385 1146 12.
404 1083 498 1148 Hunc
515 1101 591 1166 ergo
610 1082 649 1146 ab
669 1099 702 1146 se
721 1081 892 1160 hominem,
912 1081 996 1146 sicut
1015 1101 1110 1164 supra
1129 1081 1275 1163 diximus,
1294 1085 1435 1147 creatum
1464 1104 1475 1146 s

288 1189 319 1252 in
343 1187 489 1272 paradiso
512 1187 621 1270 posuit
644 1223 686 1234 -
706 1187 840 1269 quisque
863 1187 916 1251 ille
940 1191 990 1253 est
1012 1188 1074 1253 iste
1097 1188 1263 1271 paradisus
1283 1223 1327 1254 -,
1345 1189 1437 1255 liberi

289 1293 410 1360 arbitrii
431 1294 584 1360 facultate
608 1294 771 1371 donatum,
799 1296 836 1357 ut
864 1313 955 1359 omne
982 1293 1100 1359 bonum
1127 1313 1189 1359 non
1216 1295 1324 1360 minue
1353 1299 1438 1361 esset

290 1403 358 1466 eius
382 1401 437 1484 qui
465 1399 599 1485 eligeret
626 1419 721 1483 quam
748 1399 837 1465 illius
866 1400 920 1483 qui
947 1400 1021 1465 boni
1051 1400 1171 1466 semina
1197 1401 1229 1466 iu
1258 1401 1437 1466 conditione

289 1508 500 1591 praestiterat.
520 1507 629 1590 posuit
647 1507 746 1593 igitur
764 1527 836 1572 eum
856 1507 1070 1591 uirgultorum
1090 1509 1143 1572 uel
1162 1507 1309 1574 arborum
1324 1509 1437 1573 inmor-

288 1616 402 1681 talium
435 1616 592 1693 oolonum,
629 1614 662 1678 id
700 1618 750 1680 est
786 1614 965 1680 diuinorum
1004 1633 1155 1680 sensuum
1191 1617 1347 1681 cultorem
1385 1615 1437 1680 uel
1453 1639 1476 1684 ro

289 1741 398 1787 eorum
421 1722 476 1805 qui
500 1721 688 1804 simpliciter
711 1703 891 1806 cogitantur
912 1723 966 1787 uel
990 1741 1098 1787 eorum
1123 1723 1177 1804 qui
1195 1723 1387 1805 profundius
1407 1726 1437 1786 et

245 1845 262 1898 2
290 1828 462 1910 perfectius
485 1827 661 1897 uoluuntur
688 1828 719 1892 in
747 1831 862 1893 mente.
892 1828 1013 1892 nudum
1042 1848 1113 1892 eum
1144 1829 1299 1908 conlocat,
1328 1829 1362 1892 id
1391 1831 1438 1893 est

289 1937 375 2001 uitae
395 1935 549 2018 simplicis
564 1938 683 2000 statum
698 1935 812 1999 tribuit
826 1937 859 1999 et
872 1933 993 2000 nultius
1010 1935 1086 2000 artis
1101 1935 1259 2002 uelamine
1274 1935 1438 2000 indumen-

289 2048 386 2126 toque
423 2041 612 2117 circumdat;
651 2042 747 2106 talem
780 2060 916 2124 namque
950 2043 1116 2126 oportebat
1147 2041 1277 2108 humani
1313 2043 1438 2126 generis

291 2169 360 2214 esse
383 2149 605 2232 principatum.
634 2148 708 2213 hnic
737 2147 791 2212 dat
818 2149 934 2232 legem,
964 2167 1026 2230 quo
1054 2149 1180 2214 scilicet
1207 2148 1338 2214 haberet
1365 2168 1436 2230 ope·
1453 2174 1477 2217 rs

289 2256 378 2319 randi
410 2256 575 2320 materiam
605 2255 737 2320 libertas
769 2255 902 2319 arbitrii
932 2255 981 2320 lex
1014 2259 1121 2320 autem
1153 2259 1220 2320 erat
1251 2255 1437 2320 mandatum

291 2366 323 2426 et
355 2361 527 2439 distinctio,
565 2380 697 2443 quarum
730 2361 888 2425 fructibus
923 2361 1069 2426 arborum
1102 2361 1256 2426 utendum
1289 2362 1319 2425 ei
1352 2364 1439 2426 esset

246 2485 262 2538 3
291 2472 323 2533 et
355 2488 373 2533 a
405 2468 520 2552 quibus
548 2468 778 2534 abstinendum.
811 2467 1033 2533 abstinendum
1062 2486 1136 2533 uero
1166 2471 1233 2532 erat
1261 2469 1299 2531 ab
1329 2468 1437 2532 arbore

290 2575 411 2642 sciendi
433 2577 550 2641 bonum
575 2579 606 2640 et
629 2576 759 2653 malum,
788 2594 867 2657 quae
895 2577 1001 2640 tamen
1029 2575 1122 2640 arbor
1149 2593 1252 2658 neque
1279 2576 1318 2640 ab
1347 2575 1437 2640 initio

289 2684 371 2748 maie
398 2684 540 2767 plantata
567 2687 615 2746 est
644 2701 744 2764 neque
773 2681 977 2764 postmodum
1006 2681 1166 2763 prohibita
1196 2700 1252 2763 per
1283 2681 1437 2748 inuidiam
1454 2703 1478 2748 ao

290 2827 333 2838 -
356 2810 417 2856 non
440 2790 518 2856 illuc
540 2790 719 2855 iaculentur
741 2788 868 2874 linguae
892 2807 967 2853 suas
992 2788 1101 2853 hostes
1126 2786 1176 2853 dei
1203 2807 1304 2869 neque
1332 2788 1437 2852 imita-

291 2902 374 2962 tores
407 2897 562 2980 serpentis
595 2897 730 2960 existant
757 2918 815 2971 -;
849 2896 930 2960 bona
966 2895 1048 2959 enim
1081 2897 1140 2973 est,
1174 2895 1202 2958 ei
1231 2895 1262 2958 in
1294 2898 1438 2978 tempore

291 3006 434 3068 sumatur
457 3007 490 3067 et
513 3007 666 3085 oportune
690 3003 841 3085 capiatur.
865 3001 1016 3066 scientiae
1040 3020 1176 3083 namque
1201 3004 1233 3065 et
1253 3001 1438 3066 intellectus

291 3114 356 3175 erat
378 3110 457 3175 haee
481 3111 573 3176 arbor·
597 3109 773 3185 ¹secundum
802 3128 905 3172 meam
936 3107 1111 3185 scientiam,
1144 3108 1195 3173 cui
1223 3108 1284 3173 soli
1311 3127 1438 3190 operam

381 3342 396 3408 6
417 3355 449 3409 ci.
470 3354 537 3409 Gen.
556 3355 582 3425 2,
602 3355 618 3408 8
675 3355 708 3408 18
728 3353 761 3407 cf.
782 3351 847 3408 Gen.
869 3353 894 3421 2,
914 3354 947 3438 ii

330 3497 440 3551 lnobis
459 3513 509 3552 om.
531 3497 569 3552 Oe
658 3501 689 3551 ut
707 3514 757 3551 ooo.
783 3498 809 3550 V
892 3495 1077 3566 agnoscendos
1096 3495 1175 3550 Bac.
1224 3489 1441 3548 'dresoiuitG

293 3591 321 3639 et
340 3586 388 3639 alt.
407 3603 429 3640 a.
449 3586 466 3639 i.
486 3586 513 3640 R
602 3602 706 3639 rursum
730 3583 812 3638 OAV
900 3584 1042 3653 colligabit
1064 3583 1176 3646 O,Ro.c.
1248 3582 1357 3637 5hunc
1376 3600 1393 3635 a
1411 3599 1438 3636 se

291 3673 428 3728 hominem
448 3691 511 3743 ergo
530 3674 557 3727 A
634 3674 651 3727 d
671 3672 786 3743 quisque
804 3673 851 3726 ille
871 3676 921 3739 est,
941 3675 983 3726 est
1001 3672 1055 3725 iste
1074 3689 1129 3741 par.
1149 3687 1164 3725 o
1242 3672 1257 3725 7
1276 3670 1438 3724 facultatum

296 3763 371 3819 Oce.
458 3763 573 3817 donatus
592 3763 637 3818 Ra
727 3763 791 3816 Set
811 3759 913 3815 eiusO
997 3760 1111 3829 elegerit
1133 3758 1197 3813 ΟΛ·
1274 3759 1307 3812 12
1326 3758 1437 3828 undum]

292 3852 411 3906 nondum
430 3852 457 3905 A
549 3853 619 3921 enm]
641 3851 747 3904 enimc
828 3850 956 3920 conlogat
974 3850 1053 3905 Rae.
1075 3848 1220 3902 collocarit
1238 3849 1265 3901 A
1330 3848 1439 3902 lenite

295 3939 368 3994 Cae.
443 3937 585 3992 *uelamina
602 3938 682 3992 Rae.
757 3939 790 3990 14
810 3936 992 3991 obcumdatae
1017 3935 1253 3990 Vcircumdetum
1276 3935 1312 3988 Oo
1383 3935 1439 3988 talc

295 4027 360 4084 ouo
377 4045 408 4083 ac
427 4027 482 4081 tale
502 4026 542 4080 A·
559 4048 564 4056 ·
620 4029 653 4082 15
671 4028 853 4097 principatum
876 4027 933 4096 (τὸν
953 4025 997 4078 ἀπ’
1017 4025 1115 4096 ἀρχῆς)
1129 4024 1160 4081 -R
1178 4025 1338 4094 principium
1359 4031 1406 4078 cet.
1425 4039 1439 4078 o

291 4117 435 4171 materiam·
452 4115 582 4188 operandi
605 4117 631 4170 V
683 4118 716 4171 18
735 4116 833 4187 quibus
852 4115 881 4170 R
899 4115 998 4185 quibus
1017 4115 1148 4168 fructibus
1168 4119 1249 4169 ceto
1303 4113 1441 4167 abstineat

293 4205 533 4260 abstinendumV
579 4206 613 4261 20
631 4208 701 4260 male
720 4205 843 4276 (κακῶςη
863 4206 935 4259 mata
953 4205 981 4259 R
1025 4204 1060 4257 22
1080 4201 1257 4258 exsistant-It
1306 4203 1341 4256 23
1360 4218 1439 4271 opnr-

292 4300 374 4349 tunae
397 4295 471 4350 Orac.
514 4315 516 4320 ·
584 4296 698 4350 scientia
721 4295 842 4366 (θεωρία)
869 4294 1006 4361 Orsoua·
1026 4293 1073 4348 sed
1097 4293 1178 4347 aliter
1195 4293 1333 4346 intellexit
1352 4291 1440 4346 locum

295 4383 431 4438 Graccum
449 4383 572 4453 Rufinus
626 4385 660 4436 24
680 4385 776 4452 meam]
796 4401 855 4438 eam
879 4382 929 4437 00
976 4409 981 4414 ·
