3204 4996
668 463 962 532 Prolegomena.
1347 465 1392 529 IX

239 659 362 721 tantum
381 657 540 721 inmutata
559 675 595 721 ex
615 656 803 740 excerptoris
823 656 1024 733 necessitate,
1040 657 1095 739 qui
1108 676 1163 720 aec
1178 655 1269 721 illam
1284 707 1289 720 .
1305 707 1311 720 .
1325 677 1392 722 sus·

240 761 329 843 cipis,
357 761 480 826 Paulas
513 765 617 852 tumea
648 764 786 843 suscepit
815 763 847 826 in
881 781 974 827 unam
1007 763 1196 827 seutentiam
1226 763 1391 828 contraxit.

239 869 347 951 itaque
384 888 440 950 per
477 887 611 933 errorem
644 869 685 933 Η.
719 869 867 933 Plenlxers
905 870 936 932 in
976 869 1241 934 commentatione
1284 867 1393 934 Ualer-

240 973 418 1056 sacbuayea
435 995 494 1038 aar
519 972 952 1057 Ueiertr'eforaapsyesobicbte
966 981 1019 1038 der
1032 974 1177 1039 aaltestea
1190 973 1394 1039 lateiniscbea

241 1079 495 1164 ltlooaabsrepeta
516 1102 545 1165 p.
566 1082 642 1163 23¹)
661 1081 825 1146 Benedicti
844 1084 965 1147 textum
988 1101 1060 1146 cum
1080 1081 1186 1146 Rufini
1209 1082 1393 1164 interpreta-

239 1188 325 1253 tione
349 1188 536 1253 concordare
560 1191 665 1273 negat.

285 1298 315 1359 2.
338 1295 444 1360 Rufini
472 1295 702 1378 interpretatio,
732 1295 765 1359 si
795 1297 1023 1361 orationum
1053 1315 1257 1360 numerum
1286 1315 1393 1378 spec-

241 1405 382 1476 tamus,
409 1395 511 1466 tribus
541 1401 688 1467 codicum
716 1400 874 1467 classibus
903 1401 1019 1466 tradite
1047 1405 1106 1480 est,
1136 1421 1268 1484 quarum
1291 1403 1395 1484 prima

243 1526 351 1573 omnes
375 1527 490 1572 nouem
513 1510 640 1575 nostrae
664 1507 813 1572 editionis
838 1508 995 1573 orationes
1021 1509 1171 1585 continet,
1199 1509 1298 1572 altera
1321 1511 1393 1572 octo

241 1617 366 1679 tantam
394 1633 474 1679 nono
500 1583 643 1679 s⁸ermone
672 1614 791 1679 omisso
821 1615 956 1694 exbibet,
984 1617 1033 1679 ter
1049 1615 1080 1678 ia
1101 1633 1218 1680 nouem
1241 1615 1306 1678 illis
1331 1617 1393 1679 ser-

243 1723 390 1786 monibus
410 1722 569 1787 decimum
589 1721 745 1803 quendam
766 1725 936 1786 tractatum
955 1722 1006 1787 Dc
1016 1721 1085 1805 fide
1104 1723 1172 1787 siue
1190 1724 1261 1787 loco
1282 1725 1394 1804 quarto

243 1827 332 1912 (post
359 1827 534 1893 orationem
558 1827 608 1891 De
632 1827 817 1913 luminibus)
842 1828 911 1892 siue
934 1829 1005 1894 loco
1030 1828 1141 1910 quinto
1170 1825 1259 1914 (post
1283 1829 1394 1892 oratio-

242 1954 314 1999 nem
338 1933 388 1998 De
415 1933 598 2020 pentecoste)
623 1936 693 2000 siue
715 1935 785 2001 loco
809 1955 890 2000 nono
915 1933 1004 2022 (post
1028 1937 1201 2001 orationem
1225 1935 1277 2000 De
1297 1955 1393 2019 praa-

186 2029 187 2032 *
244 2041 327 2105 diuis
355 2041 545 2123 uastatioue)
572 2043 692 2108 inserit.
720 2045 816 2126 atque
844 2044 969 2124 praeter
995 2043 1114 2126 priores
1139 2046 1210 2107 octo
1236 2061 1395 2107 sermones

245 2148 390 2213 omnibus
410 2148 573 2214 codicibus
591 2148 725 2215 traditos
745 2150 820 2232 quin
841 2151 936 2214 etism
956 2168 1037 2214 nona
1055 2149 1107 2214 Dc
1120 2149 1275 2214 Arrianis
1295 2149 1393 2214 oratio

244 2253 393 2319 aRufino
417 2255 571 2320 translata
591 2258 687 2334 esset,
712 2275 803 2321 nemo
823 2275 975 2338 umquam
995 2255 1166 2321 dubitauit.
1188 2257 1269 2320 mira
1288 2259 1393 2321 autem

245 2364 294 2432 est
311 2360 413 2425 libelli
428 2360 478 2425 Da
488 2359 556 2445 fide
576 2362 729 2440 condicio,
755 2381 847 2443 quem
867 2365 972 2427 tamen
992 2383 1103 2427 uerum
1123 2363 1226 2426 fetum
1245 2363 1393 2426 Latinum

245 2487 325 2546 esse,
349 2487 410 2532 non
442 2470 632 2534 translatum
666 2488 681 2534 o
716 2467 836 2535 Graeco
869 2488 1013 2534 sermone
1045 2469 1078 2534 in
1109 2469 1268 2546 Latinum,
1300 2468 1396 2533 hodio

245 2573 283 2638 ad
310 2594 409 2639 unum
438 2593 558 2653 omues,
587 2578 675 2657 puto,
704 2575 918 2652 consentiunt3
953 2575 1149 2657 explicantur
1176 2575 1259 2638 enim
1286 2575 1318 2638 in
1349 2593 1396 2649 eo,

244 2683 279 2744 nt
303 2680 364 2744 alia
388 2680 544 2759 omittam,
568 2701 665 2746 uoces
686 2679 823 2747 Graecae
843 2684 938 2762 (ratio
956 2680 1112 2762 quaedam
1134 2687 1189 2757 est,
1214 2702 1293 2761 quae
1311 2679 1398 2760 apud

249 2785 387 2852 Graecos
408 2789 503 2870 λόγος
524 2792 728 2869 raaucupatar
750 2790 802 2852 uel
826 2787 881 2868 boc
909 2792 954 2852 ost
977 2789 1059 2868 qiroot
1085 2788 1201 2852 Gracci
1224 2789 1399 2869 ὁμοούσιον

229 2893 408 2982 ¹appicttaat
429 2894 548 2979 [Migne
572 2895 631 2958 XX
655 2897 697 2958 42
723 2894 746 2960 C
772 2898 804 2960 et
827 2897 869 2958 44
891 2891 956 2981 Di).

291 3001 541 3066 Vindicaueruut
576 3001 637 3065 uiri
670 3000 755 3066 docti
787 3001 871 3065 bunc
907 3001 1052 3065 libellum
1085 3000 1198 3082 partim
1228 3000 1396 3064 Ambrosio

246 3104 311 3192 (De
329 3105 398 3189 fide
425 3107 597 3172 ortbodoaa
624 3111 733 3172 contra
754 3107 897 3172 Arianos
925 3107 1008 3172 alius
1037 3106 1073 3171 dc
1088 3105 1155 3189 fita·
1178 3106 1346 3171 diuinitate
1368 3111 1400 3169 et

246 3213 568 3278 consubstantialitate
599 3218 761 3294 tractatus,
796 3215 835 3280 ci.
865 3214 1020 3297 appendix
1047 3214 1087 3278 ad
1114 3231 1209 3297 opera
1236 3213 1397 3279 Ambrosii

246 3321 337 3386 XVII
360 3323 424 3386 549
444 3322 501 3405 Μ),
521 3321 637 3403 partim
661 3320 874 3408 Phoebadio2)
898 3321 970 3406 (XX
990 3323 1031 3386 31
1052 3319 1111 3406 M),
1136 3321 1250 3402 partim
1276 3319 1397 3404 Vigilio

247 3429 421 3510 Thapsensi
446 3428 550 3514 (LXII
569 3430 645 3508 466,
666 3429 706 3494 ci.
726 3431 790 3494 449
810 3429 868 3512 Μ),
891 3433 929 3494 ut
952 3432 1075 3494 taceam
1100 3429 1137 3493 de
1161 3428 1219 3507 eis,
1243 3428 1297 3509 qni
1321 3427 1396 3492 olim

246 3537 328 3601 mele
346 3516 480 3600 fidentes
495 3536 659 3600 codicibus
674 3535 876 3618 quibusdam,
897 3553 977 3617 quos
993 3555 1089 3618 snpra
1103 3533 1206 3618 tetigi,
1220 3532 1397 3597 Rufinianis

248 3640 437 3725 Gregorium
456 3640 689 3706 Nazianzennrn
709 3645 879 3722 auctorem,
902 3641 1051 3716 Rufinum
1071 3641 1276 3721 interpretem
1295 3638 1398 3701 libelli

247 3767 316 3814 esse
335 3748 568 3813 iudicauerunt.
589 3747 644 3813 sed
663 3748 727 3813 iarn
746 3768 858 3813 uersus
878 3747 971 3812 finem
993 3747 1113 3812 saeculi
1134 3745 1262 3829 septimi
1282 3743 1397 3808 decimi

248 3856 444 3933 exstiterunt,
469 3855 524 3937 qui
549 3853 737 3939 Gregorium
763 3855 891 3938 quidem
916 3855 1072 3938 quendem
1095 3854 1231 3930 nomine,
1257 3851 1396 3916 sednon

292 4043 316 4115 1)
338 4043 452 4115 Qualitas
469 4045 530 4099 aad
547 4045 789 4116 Uatcrsacbaaueu
802 4064 853 4100 aar
867 4047 1047 4101 lateinisches
1061 4045 1216 4114 Philotoyie
1231 4043 1278 4098 des
1291 4043 1397 4097 Mittat-

250 4134 340 4202 aiters‚
360 4135 575 4204 beraaspepebea
592 4151 645 4188 aon
663 4135 737 4189 Lud.
760 4135 878 4203 Traube,
897 4135 952 4190 uol.
971 4136 992 4189 I.
1012 4134 1103 4188 fascic.
1123 4134 1148 4196 3,
1167 4131 1396 4186 Monachii1906.

294 4221 316 4291 ²)
334 4223 487 4277 Phoebadii
508 4227 639 4293 patronus
663 4226 815 4294 nuperrime
840 4225 946 4278 exstitit
964 4227 996 4278 A.
1015 4225 1176 4292 Durengues
1199 4220 1255 4291 (La
1273 4221 1404 4288 caustica

250 4311 288 4365 da
305 4311 350 4366 De
367 4311 449 4378 Fide,
468 4311 569 4382 Aginni
590 4313 678 4383 1909),
699 4314 744 4382 qui
769 4315 914 4368 canonicus
938 4312 1101 4367 cathedralis
1124 4309 1288 4380 Aginnensis
1310 4307 1396 4362 multo

250 4417 310 4453 cum
333 4401 430 4454 sudore
454 4401 554 4456 frustra
578 4401 705 4470 episcopo
730 4402 794 4456 olim
813 4403 964 4472 Aginnonsi
986 4401 1110 4455 libellum
1133 4397 1272 4452 uindicare
1291 4396 1396 4450 nititur.
