3194 4982
608 431 645 486 11.
663 432 710 487 De
729 432 919 503 epiphaniis
939 434 1017 488 6-8.
1344 439 1386 502 93

237 628 363 710 penitus
388 627 498 692 sentiri
521 646 581 692 non
605 630 712 710 potest
735 647 791 693 nec
815 629 984 712 adpetendi
1008 634 1063 694 aut
1081 630 1257 713 inquirendi
1275 631 1387 695 tribuit

238 753 336 815 spem.
361 733 446 816 quod
469 738 576 799 autem
601 735 654 800 uel
677 754 712 798 cr
734 737 823 817 parte
848 737 957 801 sentiri
981 739 1088 820 potest
1107 737 1308 803 admirationi
1328 742 1386 820 est,
1413 743 1430 796 4

238 843 269 904 et
301 839 385 922 quod
416 841 449 906 in
483 840 690 906 admiratione
724 845 782 919 est,
807 846 839 906 et
872 841 1042 907 desiderari
1075 843 1234 926 copiosius
1266 847 1384 925 potest.

237 964 309 1009 cum
346 949 452 1011 autem
490 947 687 1012 desideratur
722 947 936 1014 desiderantes
972 948 1128 1032 purificat,
1167 968 1237 1013 cum
1277 953 1383 1014 autem

202 1077 216 1118 a
236 1052 383 1135 purificat
406 1054 463 1118 deo
489 1054 609 1119 similes
634 1055 721 1133 facit,
750 1073 823 1119 cnm
846 1074 921 1120 uero
950 1074 1004 1120 eos
1029 1055 1090 1121 sibi
1118 1055 1238 1120 similes
1262 1055 1383 1134 lecerit,

234 1161 310 1224 tunc
343 1179 397 1226 eos
429 1161 520 1225 uelut
553 1161 696 1245 proprios
728 1162 792 1227 iam
825 1165 858 1226 et
890 1161 1081 1228 domesticos
1113 1161 1191 1228 facit
1223 1163 1319 1227 etiam
1350 1162 1382 1226 in

234 1267 411 1350 conloquiis
436 1270 469 1332 et
492 1286 636 1333 sermone
659 1269 840 1352 participes.
864 1269 979 1334 audeat
1001 1269 1148 1334 fortassis
1173 1269 1293 1352 aliquid
1317 1289 1382 1334 am-

233 1373 317 1453 plius
340 1374 525 1458 fragilitatis
548 1378 673 1440 nostrae
692 1394 807 1442 sermo.
832 1374 910 1440 deus
929 1376 992 1440 iam
1012 1376 1073 1440 diis
1093 1375 1214 1440 effectis
1234 1376 1382 1440 inseritur

234 1483 266 1544 et
297 1480 482 1559 dinoscitur,
520 1485 556 1546 ut
593 1485 644 1547 est
677 1482 773 1546 illud:
809 1483 904 1547 deus
943 1483 1066 1548 stetit
1102 1484 1140 1546 in
1180 1501 1381 1567 synagoga

186 1601 214 1645 ro
234 1587 406 1667 deorum,
435 1589 473 1653 in
497 1588 627 1655 medio
652 1594 783 1654 autern
808 1589 903 1654 deos
928 1589 1139 1656 discernit.
1170 1591 1288 1672 absque
1313 1589 1379 1655 ullo
1409 1599 1424 1652 5

231 1698 377 1778 astorgo
401 1693 461 1759 fine
486 1694 639 1759 credenda
663 1695 815 1761 diuinitas
840 1695 934 1761 etad
962 1696 1164 1760 sentiendum
1193 1696 1288 1760 etiarn
1317 1696 1380 1780 ipsi

230 1798 370 1866 diiii-cilis
393 1801 502 1879 menti,
527 1806 559 1866 et
580 1802 641 1866 hoc
665 1803 769 1866 solum
794 1804 843 1865 est
866 1802 950 1884 quod
969 1821 1004 1866 er
1024 1821 1060 1865 ea
1084 1802 1378 1884 conprehendimus,

231 1907 305 1990 quia
328 1906 537 1990 conprehendi
559 1928 619 1974 non
643 1909 756 1992 possit.
786 1909 813 1973 si
842 1928 916 1973 uero
945 1909 1016 1990 quis
1044 1911 1137 1990 putat
1164 1928 1199 1972 er
1229 1928 1265 1974 eo
1295 1909 1378 1990 quod

231 2014 385 2097 simplicis
417 2017 547 2080 naturae
580 2018 630 2079 est
662 2015 812 2080 diuinitas
845 2015 963 2080 idcirco
996 2015 1076 2080 nihil
1108 2034 1237 2097 prorsus
1272 2015 1309 2080 de
1343 2034 1379 2080 ea

184 2139 212 2180 ro
229 2139 324 2204 posse
357 2122 477 2200 sentiri,
509 2125 673 2204 tamquam
707 2141 786 2204 quae
818 2141 874 2205 pro
907 2123 977 2206 ipsa
1009 2121 1213 2205 simplicitate
1247 2122 1379 2206 effugiat

228 2227 438 2306 intellectum,
467 2229 521 2293 uel
544 2230 627 2293 certe
650 2231 752 2294 totam
774 2247 870 2310 posse
894 2229 1116 2312 conprehendi,
1145 2229 1218 2310 quia
1242 2228 1376 2310 simplex

230 2353 300 2399 esse
327 2335 488 2400 intellecta
516 2338 575 2414 est,
608 2354 670 2400 non
703 2335 782 2399 mihi
814 2335 942 2400 uidetur
972 2339 1058 2400 recte
1090 2336 1266 2402 aestimare.
1301 2333 1377 2416 quid

230 2441 312 2505 enim
341 2442 453 2506 ho1um
482 2460 562 2524 quae
592 2446 666 2508 sunt
694 2442 849 2524 simplicis
883 2446 932 2507 est
963 2445 1115 2507 naturaei
1147 2443 1227 2507 nulli
1260 2441 1375 2525 quippe

228 2552 340 2614 natura
372 2569 430 2614 sua
463 2549 651 2633 simplicitas
685 2553 744 2628 cst,
778 2550 852 2631 quia
884 2569 985 2632 neque
1016 2551 1066 2614 his
1100 2568 1179 2632 quae
1212 2548 1377 2632 conposita

181 2674 210 2716 ao
228 2658 303 2720 sunt
325 2658 436 2720 natura
459 2656 513 2720 uel
537 2655 717 2721 substantia
741 2674 799 2721 sua
821 2656 899 2721 haec
922 2657 991 2739 ipsa
1015 2657 1191 2738 conpositio
1217 2658 1276 2721 est.

272 2763 301 2826 8.
323 2761 486 2827 Infinitum
509 2781 585 2827 uero
606 2762 690 2845 quod
710 2762 827 2826 dicitur
846 2762 1015 2844 dupliciter
1031 2762 1240 2846 intellegitur,
1265 2778 1375 2824 secun-

227 2867 303 2934 dum
325 2868 453 2933 initium
484 2873 516 2934 et
545 2869 720 2934 secundum
749 2868 856 2943 finemr
887 2867 1042 2951 quidquid
1070 2869 1153 2932 enim
1183 2870 1269 2932 extra
1296 2867 1374 2930 haec

226 2978 354 3041 estnec
379 2975 491 3041 abhis
520 2975 680 3040 clauditur
709 2976 768 3040 hoc
796 2975 955 3038 infinitum
983 2974 1171 3058 appellatur.
1200 2992 1272 3037 nam
1301 2991 1373 3037 oum

224 3080 256 3145 in
289 3082 443 3146 anteriora
476 3101 510 3147 se
541 3081 658 3146 mentis
696 3083 778 3147 acies
818 3079 959 3146 extendit
995 3084 1027 3145 et
1062 3080 1146 3145 initii
1182 3078 1373 3162 profundum

180 3207 207 3252 aa
224 3189 392 3254 reuoluens
416 3189 535 3254 nullam
558 3191 666 3272 potest
689 3188 745 3253 uhi
769 3191 852 3254 stare
875 3187 980 3270 possit
997 3187 1144 3271 principii
1164 3186 1214 3251 dei
1232 3185 1373 3249 inuenire

314 3417 330 3471 9
349 3417 394 3473 Ps.
414 3417 457 3484 81,
478 3417 491 3470 1

259 3540 464 3609 apaeaomnc
520 3539 694 3594 admirationi
708 3539 781 3594 Ocu.
834 3539 981 3594 cltetom.
996 3539 1077 3593 OAV
1132 3537 1283 3592 desiderare
1297 3537 1371 3593 Ocea

223 3632 315 3698 potest
334 3628 422 3694 estO
503 3627 641 3698 5fecerit]
661 3627 758 3682 facerit
782 3627 808 3681 V
883 3630 1004 3682 inerme
1023 3627 1051 3682 R
1141 3627 1288 3697 participes
1307 3628 1371 3695 (al

222 3717 357 3787 particeps
376 3719 433 3784 m2)
451 3718 480 3773 R
534 3716 705 3786 Siragilitas
724 3720 817 3770 nostra
838 3716 959 3785 Opamt
1030 3715 1108 3786 deus]
1128 3715 1201 3768 le
1263 3715 1370 3769 asina-

222 3823 295 3876 goga
312 3804 340 3861 R
360 3806 570 3876 congregatione
594 3805 686 3861 OOVo
750 3807 783 3860 10
803 3805 868 3860 deus
891 3806 1001 3869 O,Ra.c.
1068 3806 1098 3858 ll
1121 3804 1275 3858 diuinitatis
1297 3803 1370 3859 Gau.

221 3895 275 3964 ipsi
298 3894 418 3950 difficilis
445 3895 588 3950 conatibus
615 3896 700 3949 menti
726 3894 749 3948 O
776 3896 841 3965 ipsis
860 3881 989 3949 vdiflicilia
1018 3893 1180 3958 conantibus
1207 3893 1307 3947 mentis
1333 3893 1370 3948 Oa

223 3983 257 4037 13
279 3984 303 4038 si
330 4001 395 4038 uero
420 4001 451 4038 ex
479 4001 511 4039 co
536 3985 596 4055 quis
624 3984 650 4037 V
756 3985 788 4037 15
817 3984 917 4038 sentire
941 3982 1056 4052 A‚Oa.c.
1166 3998 1235 4051 qnae
1263 3997 1315 4038 om.
1343 3982 1371 4035 A

222 4073 255 4128 16
273 4076 361 4127 totam
381 4074 449 4143 (scil.
470 4073 655 4141 diuinitatem)
672 4073 771 4141 scripsi
789 4075 878 4127 totum
897 4072 973 4127 codd.
1013 4073 1045 4126 17
1066 4071 1185 4126 estimari
1205 4070 1231 4124 V
1283 4069 1371 4139 quiO

223 4162 255 4217 18
275 4166 318 4217 est
336 4179 406 4217 erae.
431 4163 457 4216 V
534 4164 566 4216 19
585 4166 698 4216 naturae
723 4162 749 4215 V
822 4162 856 4216 20
874 4165 987 4216 naturae
1006 4161 1052 4215 uel
1071 4161 1240 4214 substantiae
1259 4175 1324 4214 snae
1342 4160 1370 4212 A

220 4253 254 4306 21
276 4252 442 4323 duppliciter
460 4251 532 4321 quod
551 4251 651 4306 dicitur
674 4251 700 4304 V
746 4252 781 4305 22
801 4250 929 4320 quicquid
947 4251 991 4305 Ro
1041 4251 1075 4304 24
1096 4248 1250 4304 extenditur
1271 4247 1369 4316 Opaca)

134 4387 136 4392 .
220 4343 255 4396 25
275 4340 319 4396 dei
337 4357 388 4395 om.
407 4357 424 4394 c
443 4357 503 4395 cum
522 4340 599 4394 codd.
619 4340 783 4407 quibusdam
802 4339 981 4394 deterioribus
