3228 4978
583 472 631 528 IV.
649 473 695 526 De
714 475 910 542 pentecoste
930 472 1043 528 16-18.
1330 476 1393 540 163

243 672 275 734 et
292 668 496 734 historiarum
515 687 681 733 memoret.
703 667 731 732 si
751 667 821 750 quie
842 671 949 733 eutem
969 669 1001 732 et
1020 668 1101 732 nlius
1117 668 1258 733 conferre
1273 666 1393 750 aliquid

241 779 348 857 potest
375 773 414 838 ed
441 777 639 857 praesentem
667 773 889 852 summitatem,
919 774 978 838 hoc
1006 774 1102 839 etiem
1131 793 1188 840 noe
1219 773 1258 838 ad
1287 777 1394 839 nostre

240 882 330 946 luere
361 880 566 964 suscipimus.
600 899 618 944 n
651 881 741 946 nobie
776 884 882 945 eutem
914 879 1075 945 suffitiant
1103 881 1167 946 iste
1198 900 1278 963 quae
1308 881 1394 946 dieta

243 991 329 1067 eunt,
358 1007 547 1072 quamquem
573 1006 627 1071 pro
651 988 697 1052 rei
721 987 939 1072 magnitudine
963 1007 1136 1069 numquam
1162 987 1283 1069 aliquid
1307 987 1395 1053 suffi-

208 1096 362 1161 ⁵eienter
388 1093 451 1159 diei
478 1097 566 1177 puto.
595 1097 814 1159 uerumtamen
842 1097 1056 1176 temperemus
1084 1094 1183 1160 Istum
1214 1093 1393 1159 auditorum
1422 1098 1439 1150 2

244 1202 394 1280 laborem,
423 1201 572 1284 queniam
596 1219 677 1266 nunc
701 1201 827 1266 interim
850 1201 1046 1266 festiuitetes
1071 1201 1166 1266 etiam
1192 1200 1395 1282 eorporeIIter

244 1307 451 1389 celebremus,
478 1327 580 1392 usque
609 1327 671 1391 quo
695 1308 863 1372 ueniamus
885 1307 974 1385 illue,
999 1307 1055 1372 ubi
1079 1307 1266 1389 spiritaliter
1290 1310 1393 1372 totum

246 1418 380 1492 constet,
408 1415 464 1480 ubi
492 1414 588 1479 etiem
616 1413 753 1480 rationes
782 1415 895 1479 horum
924 1433 1004 1497 quae
1028 1433 1110 1478 nune
1135 1413 1276 1498 gerimus
1300 1431 1394 1498 agne-

242 1540 368 1587 eeemue
400 1521 511 1603 purius
540 1525 572 1586 et
600 1520 801 1585 manifestim
830 1521 861 1584 in
890 1520 960 1603 ipse
989 1520 1086 1585 uerbo
1116 1523 1148 1584 et
1172 1519 1241 1598 deo,
1266 1519 1392 1584 domino

193 1637 221 1681 1⁰
242 1631 351 1694 nostre
373 1629 449 1692 Iesu
474 1627 611 1706 Christe,
642 1628 696 1710 qui
726 1631 776 1692 eet
802 1647 879 1692 uera
907 1630 939 1691 et
966 1627 1044 1691 uiue
1072 1626 1233 1691 sentiuitee
1254 1629 1286 1690 et
1309 1626 1393 1691 exul-

242 1736 321 1800 tatio
350 1738 540 1822 eenetpmm,
568 1754 640 1799 eum
665 1754 727 1817 que
753 1738 802 1798 est
827 1733 884 1798 dee
908 1733 991 1816 petri
1014 1733 1116 1818 glorie
1141 1737 1173 1797 et
1195 1736 1339 1814 potestas
1361 1734 1393 1796 in

242 1840 355 1924 spiritu
379 1845 487 1908 saneto
511 1841 543 1905 in
568 1841 695 1906 saecula
720 1842 930 1906 saeculorum.
956 1858 1057 1906 emen.

276 2051 289 2104 1
311 2050 385 2104 nliud
406 2049 430 2103 C
446 2052 505 2117 (m2
523 2066 592 2104 corr.
611 2065 645 2104 ex
664 2050 774 2114 aliee)u
828 2049 845 2104 3
866 2048 1032 2119 suscepimus
1050 2046 1073 2101 0
1128 2047 1202 2102 dtetn
1221 2049 1263 2113 (te
1280 2063 1302 2102 e.
1322 2049 1351 2118 l.)
1366 2048 1394 2103 R

242 2141 260 2193 4
279 2139 494 2210 magnitudinem
517 2138 540 2193 0
612 2140 628 2193 6
647 2138 808 2192 festiui'tatie
829 2137 903 2194 Cae.
981 2137 1063 2190 Subi
1083 2137 1165 2191 etIam
1185 2137 1345 2206 spiritaliter
1367 2135 1393 2189 A

243 2243 316 2281 nune
334 2243 385 2282 om.
399 2228 426 2281 A
475 2228 491 2281 9
509 2227 616 2296 purius]
636 2227 760 2296 proprius
783 2225 808 2279 V
862 2228 890 2280 et
909 2231 973 2278 ante
992 2223 1100 2279 domiue
1119 2225 1269 2280 nectendum
1287 2230 1392 2280 textum

244 2314 380 2370 Graecum
393 2318 448 2382 (uui
461 2313 549 2388 Κυρίῳ
568 2315 644 2387 ἡμῶν
664 2314 751 2386 Ἰησοῦ
767 2313 882 2386 Χριστῷ)
898 2313 966 2368 addi
984 2314 1095 2368 mauult
1112 2313 1225 2370 Wrobel
1262 2315 1296 2369 10
1315 2314 1391 2383 uiua]

241 2420 326 2459 nnev
371 2405 516 2460 exsultatio
531 2404 590 2458 AV
626 2405 658 2458 12
672 2404 712 2456 IN
728 2402 961 2458 SEMETIPSUII
974 2403 1023 2456 DE
1037 2402 1133 2457 AGRO
1151 2403 1356 2458 REGRESSUS
1367 2403 1394 2457 R

181 2497 183 2500 ’
241 2493 406 2548 CBECORI
418 2491 593 2548 EPISCOPI.
608 2492 718 2547 LIBER
733 2493 806 2546 ·IIII·
819 2491 997 2548 EXPLICIT.
1021 2491 1158 2548 INCIPIT
1174 2492 1284 2547 LIBER
1299 2493 1338 2546 ·V·
1353 2493 1394 2546 IN

242 2582 445 2648 SENETIPSO
464 2582 512 2636 DE
531 2581 628 2637 ACRO
649 2579 857 2636 REGRESSUS
881 2580 904 2634 0
926 2580 1097 2637 EXPLICIT
1120 2581 1169 2634 DE
1193 2580 1394 2638 PENTECOS-

241 2671 334 2726 TENS
358 2671 408 2728 DE
432 2659 499 2726 SPU
524 2659 589 2725 SCU
614 2659 673 2725 LIB
696 2670 793 2726 UNUS
818 2670 926 2724 BEATI
955 2669 1131 2725 GRECORII
1159 2659 1228 2728 EPI.
1254 2669 1393 2726 INCIPIT

241 2750 375 2817 EIUSDE
388 2761 498 2816 LIBER
511 2759 552 2815 IN
568 2758 770 2816 SEMETIPSO
787 2759 834 2814 DE
849 2759 947 2813 AGRO
963 2758 1170 2814 REGRESSUS
1182 2761 1209 2813 A
1222 2758 1393 2814 EXPLICIT

242 2851 291 2904 nu
310 2849 544 2906 eununcesnn
563 2849 607 2904 nr
627 2848 676 2903 nn
696 2837 763 2904 emi
778 2837 844 2904 stt—0
860 2847 971 2902 niem
984 2848 1024 2901 m
1041 2846 1389 2903 consunnurnenonr

242 2927 330 2995 INCP
348 2941 396 2994 DE
408 2940 449 2994 IN
465 2938 665 2994 SEMETIPSO
686 2938 735 2992 DE
751 2937 849 2992 ACRO
870 2936 1034 2993 REUERSO
1053 2937 1077 2991 C
1093 2935 1263 2992 EXPLICIT
1282 2936 1392 2990 LIBER

242 3029 407 3095 QUARTUS
425 3027 564 3084 INCIPIT
582 3026 747 3082 EIUSDEM
762 3024 920 3092 QUINTUS
935 3015 981 3082 CU
993 3027 1041 3080 DE
1055 3024 1153 3081 AGBO
1170 3023 1347 3081 UENISSET
1366 3025 1392 3079 V

240 3117 406 3172 EXPLICIT
425 3117 473 3172 DE
492 3115 754 3178 PENTHECOSTE
771 3115 817 3169 ET
837 3115 870 3168 de
890 3116 988 3184 spiritu
1002 3118 1096 3169 saneto
1111 3116 1140 3168 in
1155 3114 1268 3168 ecelesia
1283 3116 1391 3168 etstan·
1494 3155 1497 3160 .

241 3206 366 3277 tinopoli.
384 3205 486 3276 Incipit
505 3207 544 3260 De
564 3205 707 3275 semetipoz
731 3205 764 3258 de
784 3220 849 3274 agro
869 3220 1011 3258 reuersov
