3194 4982
350 453 412 518 126
861 448 978 502 Rufini

349 646 451 732 gratia
483 647 684 730 peecatorum
716 679 760 692 -
788 643 889 728 gratis
921 643 1037 726 quippe
1070 644 1119 706 est
1146 677 1199 718 -‚
1234 647 1339 706 tamen
1374 641 1493 707 futurae

347 755 490 818 cautelae
519 752 746 834 securitatique
774 750 1004 832 prouidendum
1033 751 1092 825 est,
1120 768 1158 812 ne
1186 750 1267 813 forte
1295 749 1335 812 ad
1364 749 1493 812 eundem

347 859 506 925 uomitum
530 861 735 924 reuertamur.
761 860 830 924 tum
855 856 966 921 deinds
990 856 1087 920 etiam
1109 855 1191 920 illud
1211 855 1314 932 docet,
1340 855 1492 938 quomodo

347 965 510 1030 subiectos
543 984 612 1030 esse
646 945 789 1048 oporteat
822 983 887 1041 eos,
924 964 979 1046 qui
1011 963 1165 1028 accedunt
1197 961 1235 1026 ad
1269 963 1417 1046 gratiam,
1449 960 1492 1024 his

348 1073 465 1154 quibus
498 1071 692 1155 dispensatio
726 1071 949 1154 mysteriorum
982 1069 1033 1134 dei
1065 1070 1237 1134 commissa
1269 1073 1328 1147 est,
1366 1069 1527 1136 maximas

348 1179 455 1256 etiam,
479 1178 506 1244 si
530 1177 685 1263 dignitate
710 1177 816 1260 aliqua
840 1177 901 1242 sibi
924 1177 978 1241 uel
1002 1177 1157 1259 sapientia
1181 1175 1316 1258 praediti
1341 1175 1492 1238 uidentur.

302 1297 320 1350 6
348 1285 442 1349 tertio
475 1286 571 1350 stiam
602 1285 715 1350 aetatis
743 1284 926 1367 legitimum
955 1287 987 1348 et
1013 1287 1174 1348 maturum
1201 1285 1331 1363 tompus
1361 1281 1494 1347 ostendit

348 1392 398 1456 his
432 1392 488 1473 qui
520 1411 611 1458 omne
644 1395 770 1474 tempus
804 1393 898 1472 atquo
931 1409 1057 1454 omnem
1085 1392 1222 1454 aetatem
1249 1389 1304 1452 uel
1332 1388 1374 1452 ad
1404 1407 1493 1452 saeor-

349 1497 471 1563 dotium
499 1498 552 1563 uel
576 1497 615 1562 ad
639 1497 816 1563 docendum
841 1500 1028 1578 oportunam
1050 1499 1174 1578 putant,
1201 1497 1292 1560 Iesus
1318 1494 1360 1558 ad
1384 1494 1494 1576 baptis·

347 1624 436 1668 mum
452 1605 539 1668 uenit
553 1608 586 1669 et
600 1624 618 1668 a
631 1605 769 1669 Iohanne
784 1604 976 1685 baptizatur:
992 1621 1083 1668 nemo
1100 1602 1493 1682 dissimuletbaptismum,
1508 1632 1528 1674 10
1578 1635 1579 1684 p

348 1729 440 1776 namo
469 1714 659 1785 eontemnat‚
688 1730 779 1776 nemo
810 1713 893 1775 certe
922 1710 1192 1793 praedicatoribus
1221 1708 1295 1774 fidei
1321 1713 1353 1772 et
1379 1708 1494 1790 dispen—
1578 1693 1579 1740 ³

348 1818 507 1883 sutoribus
532 1819 652 1902 gratiae
676 1818 727 1882 dei
750 1838 811 1882 non
837 1837 870 1882 se
895 1836 966 1882 eum
996 1818 1081 1882 omni
1110 1817 1292 1881 humilitate
1318 1819 1350 1880 et
1375 1833 1495 1879 uenera-

348 1924 434 1989 tione
459 1925 605 1991 subioiat.
629 1927 765 1990 obserua
788 1929 894 1989 tamen
920 1929 952 1989 ot
974 1928 1020 2004 tu,
1045 1925 1099 2007 qui
1118 1943 1239 2007 praees,
1265 1922 1351 2006 quod
1372 1923 1495 2006 triginta

349 2050 501 2096 annorum
532 2035 598 2096 erat
625 2033 731 2104 Iesum
766 2033 832 2097 sine
862 2032 958 2097 dnbio
987 2035 1095 2097 autem
1123 2035 1156 2096 et
1177 2031 1334 2096 Iohannes
1366 2029 1494 2110 amplius

304 2148 319 2200 7
349 2137 468 2218 aliquid
497 2139 611 2222 agebat
638 2139 762 2204 aetatis.
794 2141 826 2203 et
854 2143 900 2214 tu,
929 2141 1098 2220 antequam
1126 2136 1301 2212 adolesoas
1332 2139 1495 2216 antequam
1512 2165 1531 2208 15

350 2261 445 2327 genas
464 2243 585 2308 nostias
604 2243 721 2320 barbis,
745 2243 808 2307 iam
829 2243 940 2308 dooere
960 2244 1020 2320 uis,
1045 2245 1077 2307 et
1096 2243 1156 2306 hoo
1176 2261 1277 2316 senes,
1297 2244 1331 2305 et
1348 2240 1496 2322 magister

350 2348 417 2412 fieri
441 2352 513 2414 ante
537 2369 632 2432 quam
656 2349 833 2432 discipulus
858 2351 970 2432 cupis?
998 2349 1083 2431 quod
1107 2351 1229 2414 eertum
1253 2352 1303 2413 est
1327 2348 1403 2430 quia
1431 2345 1496 2409 ideo

349 2455 421 2519 leue
446 2460 478 2519 et
499 2457 591 2520 facile
615 2461 721 2539 putas,
745 2456 818 2538 quia
842 2456 874 2520 id
892 2459 1019 2539 penitus
1036 2458 1173 2541 ignoras.
1197 2456 1346 2521 continno
1367 2469 1497 2534 namquo

351 2562 390 2626 ab
409 2561 459 2626 his
478 2564 596 2628 talibus
612 2564 748 2628 Danihel
767 2563 807 2627 ad
826 2565 1005 2646 exemplum
1023 2565 1181 2646 profertur
1198 2582 1278 2646 puer
1294 2562 1497 2644 prophetans,

351 2673 383 2734 st
401 2669 480 2734 alios
500 2673 593 2752 atque
613 2671 691 2734 alios
712 2675 897 2746 memorant,
922 2671 960 2734 de
981 2672 1096 2752 quibus
1116 2671 1180 2735 talo
1199 2670 1322 2752 aliquid
1339 2669 1373 2733 in
1391 2671 1497 2735 iunon·
1511 2695 1533 2740 20

350 2778 419 2839 tute
443 2779 567 2859 gestum
593 2776 766 2858 scripturas
785 2775 917 2840 historia
941 2777 1046 2854 refert,
1071 2779 1104 2840 et
1121 2776 1210 2840 mille
1231 2777 1375 2857 exempla
1394 2778 1499 2857 parata

349 2881 504 2946 habentur
521 2882 553 2946 in
571 2881 695 2965 lingum
716 2883 887 2962 paratiores
908 2882 991 2946 enim
1011 2901 1136 2964 semper
1154 2884 1186 2946 et
1204 2881 1350 2945 meditati
1369 2881 1499 2945 ueniunt

304 3001 321 3055 8
350 2989 383 3052 hi
409 2989 463 3071 qui
487 2992 595 3054 eontra
618 2989 759 3053 ordinem
783 2988 903 3071 aliquid
927 2993 959 3053 et
986 2990 1074 3073 leges
1103 2990 1236 3071 eupiunt
1264 2989 1417 3053 obtinere.
1447 2982 1502 3051 sed

350 3113 411 3157 non
445 3096 593 3160 continuo
626 3095 730 3178 legem
760 3095 903 3159 ecclesiis
933 3094 1030 3173 dedit,
1063 3096 1090 3160 si
1119 3095 1218 3182 semol
1247 3095 1418 3176 aliquando
1448 3097 1498 3158 aut

440 3338 456 3390 2
476 3338 508 3395 ci.
527 3337 557 3392 II
575 3338 647 3392 Patr.
667 3339 692 3401 2,
713 3339 756 3392 22.
775 3339 856 3392 Pron.
876 3339 919 3401 26,
940 3338 971 3392 11
1035 3339 1067 3393 13
1088 3338 1121 3393 oi.
1141 3340 1207 3394 Luc.
1227 3339 1252 3406 3,
1272 3339 1306 3392 23

388 3477 511 3545 lgratia
529 3477 629 3546 quippe
648 3479 690 3530 est
709 3493 768 3545 emp.
788 3477 815 3532 R
922 3477 1031 3531 futurae
1049 3480 1141 3531 tamen
1161 3478 1188 3533 A
1278 3477 1499 3534 annumerato

351 3566 485 3619 cautellae
506 3565 578 3619 Oen.
638 3567 836 3634 §inportunum
859 3565 919 3632 OV,
938 3583 988 3620 om.
1008 3569 1035 3621 A
1107 3565 1150 3620 ihs
1169 3567 1238 3622 Rev
1308 3568 1341 3623 10
1361 3585 1397 3623 ne
1415 3569 1498 3622 modis

351 3655 432 3708 simul
451 3655 479 3706 et
503 3653 526 3704 V
594 3653 744 3708 dissimolat
765 3655 838 3708 Ono.
858 3655 1037 3708 dissimilator
1094 3656 1125 3710 11
1146 3659 1323 3728 contempnet
1343 3661 1371 3724 (a
1389 3675 1411 3712 a.
1432 3662 1458 3726 p)
1479 3657 1499 3712 0

352 3742 572 3810 contempnatO
625 3742 657 3794 12
676 3759 730 3795 non
749 3744 788 3812 se]
809 3742 896 3796 nisio
968 3760 1059 3796 secum
1078 3744 1282 3811 Vseonpuprs
1339 3747 1374 3799 14
1394 3745 1500 3801 ithO

351 3829 477 3882 iohannis
500 3829 610 3893 O‚Ca.o.
703 3830 736 3883 15
756 3831 865 3900 agebat]
886 3831 1007 3885 babebat
1025 3833 1052 3885 A
1126 3837 1153 3886 et
1172 3835 1214 3903 tu]
1236 3834 1302 3888 add.
1322 3835 1438 3890 audiant
1457 3836 1500 3904 qui

352 3921 415 3970 anta
439 3917 591 3985 legitimum
614 3922 722 3988 tempus
746 3919 870 3974 doctores
895 3924 923 3974 et
949 3921 1074 3990 magistri
1103 3921 1161 3975 fieri
1186 3927 1321 3992 quaerunt
1345 3923 1374 3978 R
1397 3926 1430 3978 trs
1452 3942 1500 3994 rap.

351 4005 485 4060 adolisoas
507 4007 580 4061 Can.
673 4008 705 4062 16
725 4010 826 4062 nostias
846 4025 898 4064 om.
920 4009 972 4062 CV
1054 4011 1106 4065 hoo
1125 4027 1184 4080 emp.
1208 4012 1238 4078 0,
1257 4028 1343 4066 omo
1432 4017 1501 4067 senis

250 4135 253 4143 Δ
354 4096 428 4150 Ono.
449 4112 528 4149 senex
549 4100 575 4162 (x
593 4097 625 4150 a'n
642 4098 754 4165 raa.)0
808 4100 840 4153 17
861 4100 1025 4170 discipulum
1046 4101 1119 4155 Ome.
1172 4103 1204 4155 19
1225 4101 1315 4156 daniel
1334 4102 1388 4156 VA
1443 4121 1500 4174 pro-

351 4183 444 4237 fitetur
462 4181 495 4250 (a.
514 4185 527 4236 i
546 4187 629 4253 artur)
643 4184 671 4239 R
712 4186 746 4239 20
765 4191 910 4241 memorant
933 4189 959 4241 V
1009 4189 1038 4242 in
1058 4189 1269 4250 iuuentutemO
1308 4189 1504 4245 missorius*

351 4275 449 4340 parata
467 4287 517 4324 om.
537 4273 565 4328 R
606 4275 846 4340 arestonius.
868 4277 943 4346 l.)R
984 4277 1019 4332 23
1037 4279 1077 4332 hii
1096 4277 1177 4334 1200
1216 4279 1251 4332 24
1269 4279 1360 4347 legem
1381 4281 1501 4334 ecelesiis

353 4358 568 4413 dedit-factum
587 4365 629 4414 est
647 4385 681 4408 =
701 4361 758 4416 ἀλλ’
778 4362 807 4414 oo
828 4365 906 4435 νόμος
926 4365 1065 4436 ἐκκλησίας
1084 4367 1113 4418 τὸ
1133 4365 1239 4419 σπάνιον
