3204 4996
644 393 940 462 Prolegornena.
1336 400 1377 466 H

222 607 416 670 quamquam
440 588 523 656 enim
550 587 629 654 duae
653 608 750 656 uoces
779 609 969 674 synonymae
994 592 1110 658 uocula
1133 595 1161 656 et
1184 593 1374 677 coniungere

222 692 318 762 ualde
341 696 427 762 amat
445 693 578 762 Rufinus
603 691 655 780 [cs.
677 694 740 762 iud.
764 696 851 764 uerb.
871 715 895 760 6.
914 715 946 765 6.
971 695 1172 764 abundantio
1194 695 1374 786 eermouts],

220 803 329 864 tamen
349 800 387 864 de
407 801 632 884 mysteriorum
651 801 755 884 adytis
774 802 826 866 hio
845 803 898 886 agi
917 806 1014 886 patet.
1031 843 1075 854 --
1090 804 1133 870 81
1148 803 1237 870 6187
1252 806 1370 884 666616,

223 925 281 975 cur
303 906 434 972 Wrobel
468 907 634 989 sprenerit,
669 908 752 990 quod
780 909 809 975 R
840 910 979 992 praebet,
1008 910 1039 974 in
1069 911 1274 994 inscriptione
1307 931 1373 982 ora-

220 1011 319 1080 tionis
353 1014 509 1081 seoundae
543 1012 580 1078 de
605 1016 745 1095 primis
776 1014 956 1096 epiphaniis
978 1013 1020 1101 (V
1044 1016 1249 1100 inscriptione
1274 1023 1369 1098 caret,

215 1118 337 1200 primis
365 1119 519 1187 omittunt
546 1120 643 1184 ceteri
671 1119 754 1198 libri,
784 1121 973 1204 intorques
1003 1123 1027 1188 0
1057 1122 1153 1189 etiam
1176 1121 1373 1204 theopbomis

220 1223 372 1314 praebet).
398 1227 483 1309 quod
507 1227 646 1292 enimin
670 1227 764 1292 titulo
789 1228 940 1298 orationis
967 1229 1080 1294 tertiae
1108 1248 1216 1296 omnes
1245 1231 1370 1300 codices

219 1331 259 1400 m
278 1332 455 1400 secundis
474 1333 1050 1414 6616166116611111661,1166361166
1069 1337 1139 1418 ipso
1158 1336 1239 1416 illud
1252 1338 1371 1418 primis

220 1442 400 1524 profectum
425 1461 497 1522 esse
519 1445 575 1525 pat
595 1445 616 1507 t.

265 1549 327 1614 Ubi
351 1553 458 1614 autem
486 1568 525 1614 ne
551 1548 621 1630 ipse
650 1548 776 1629 quidem
801 1549 828 1616 R
851 1549 1051 1632 incorruptae
1078 1549 1247 1616 memoriae
1275 1551 1368 1618 testis

218 1657 279 1734 est,
313 1655 575 1736 corruptelae
612 1656 777 1720 formam
816 1655 1111 1736 simpliciorem
1145 1675 1240 1739 quam
1273 1641 1380 1728 ceteri

217 1761 291 1826 iibri
313 1763 452 1845 praebet,
476 1763 568 1827 uelut
587 1763 639 1838 73,
660 1763 690 1840 7,
711 1762 765 1826 ubi
789 1762 1062 1844 copitatiocemqoe
1082 1781 1099 1826 6
1117 1782 1193 1828 uera
1212 1765 1366 1845 scriptura

216 1871 488 1950 contentionemque
510 1868 605 1950 paulo
630 1869 734 1935 minus
760 1868 850 1934 abest
877 1868 931 1954 (cf.
955 1870 1031 1946 272,
1057 1867 1114 1956 21)
1144 1888 1238 1951 quam
1266 1872 1367 1953 coyct-

214 1976 389 2057 tiooemque
422 1979 596 2040 ceterorum
630 1976 793 2054 libroruin,
823 1979 856 2040 et
883 1976 958 2052 213,
988 1977 1008 2038 3
1037 1974 1145 2042 dimisi
1171 1996 1280 2042 eumue
1311 1997 1366 2060 pro

216 2081 344 2146 discissi
365 2102 473 2148 sumus
496 2080 600 2168 (scissi
622 2103 730 2147 sumus
754 2082 791 2160 V,
817 2080 1014 2148 discessimus
1037 2079 1123 2169 661).

260 2184 322 2254 Η16
346 2189 414 2254 11116
437 2191 465 2254 R
489 2208 622 2253 ueram
656 2189 877 2254 lectionem
911 2183 1026 2255 solus
1061 2189 1201 2258 additu
1234 2194 1365 2261 tamen

215 2295 292 2360 iam
325 2296 432 2362 falsa
469 2297 697 2359 ceterorum
730 2295 870 2376 praebet,
902 2298 939 2362 ut
973 2297 1047 2373 127,
1081 2297 1112 2373 3,
1146 2296 1200 2362 ubi
1232 2296 1364 2364 Rufinus

217 2400 371 2468 (16666666
395 2421 506 2467 uocem
530 2401 675 2487 γραμμὴν
698 2403 816 2485 666611,
841 2422 935 2485 quam
961 2403 1065 2470 scriba
1085 2403 1203 2468 codicis
1223 2404 1251 2468 R
1271 2402 1366 2469 Grae·

214 2527 322 2575 carum
349 2509 525 2574 litterarum
556 2509 723 2592 imperitus
752 2509 797 2574 ita
826 2508 979 2591 depinxit:
1009 2510 1168 2589 epummtm
1196 2529 1258 2574 666
1292 2530 1363 2576 cum

212 2616 327 2680 Latina
364 2619 540 2681 ceterorum
580 2615 724 2681 codicum
761 2616 919 2699 scriptura
951 2613 1145 2701 prout(m)ec
1176 2613 1362 2703 (prommeth

215 2724 290 2801 107,
322 2723 361 2786 17
388 2725 491 2786 exstat
517 2722 549 2785 16
573 2723 602 2787 R
629 2721 724 2786 simut
751 2723 836 2786 eruet
864 2720 1118 2803 udcouftpere
1147 2721 1202 2786 ubi
1230 2721 1364 2804 odfipere

214 2829 280 2893 siue
305 2828 400 2894 dubio
424 2827 557 2894 Rufinus
581 2829 710 2908 scripsit
733 2825 787 2914 (cf.
813 2829 886 2905 105,
912 2829 931 2891 3
956 2830 1041 2892 eruet
1065 2826 1216 2909 udfieom,
1242 2828 1316 2905 147,
1342 2831 1360 2891 9

210 2937 298 2998 cruci
322 2933 497 3020 odsipitur),
523 2953 595 3000 cum
619 2933 767 3017 comfipere
792 2935 888 3000 ceteri
912 2935 1037 3000 codices
1061 2935 1236 3000 exhibeant.

258 3043 475 3107 Praetereain
495 3042 696 3106 nominum
716 3041 973 3125 propriorum
993 3041 1202 3124 scriptura
1217 3041 1361 3126 egregiae

211 3149 364 3215 bonitatis
393 3149 567 3231 specimina
594 3150 725 3232 praebet
752 3150 793 3223 R;
824 3149 968 3232 speciosa
997 3149 1079 3214 enim
1108 3151 1158 3214 661
1188 3149 1360 3230 prophetae

210 3257 347 3322 nominis
375 3257 477 3320 forma
505 3258 556 3336 48,
583 3258 626 3320 23
651 3256 815 3320 umbonum
844 3255 950 3342 (le,
976 3256 1101 3331 abecuc,
1125 3255 1264 3320 bubnmc
1288 3253 1359 3342 661.)

209 3367 244 3428 61
263 3364 365 3441 doleo,
385 3362 469 3445 qnod
489 3361 545 3446 34,
568 3361 608 3427 ll
629 3363 760 3428 Wrobei
778 3364 911 3428 formam
931 3364 1066 3430 nominis
1086 3363 1196 3426 biblici
1214 3362 1359 3442 iambres,

208 3490 306 3554 quam
323 3471 405 3534 le
432 3489 503 3534 cum
522 3471 608 3534 LXX
627 3471 826 3536 consentiens
852 3469 993 3535 seruauit
1015 3466 1183 3555 (membres
1207 3473 1265 3534 cet.
1286 3488 1359 3533 cum

209 3575 373 3664 Vulgata),
393 3577 529 3658 respuit3
551 3597 652 3659 neque
672 3576 793 3655 dubito,
813 3576 890 3658 quin
909 3579 961 3655 24,
984 3578 1024 3640 12
1039 3574 1184 3639 Bethlem
1202 3571 1358 3662 (110661)

208 3686 350 3766 itemque
381 3685 455 3763 105,
486 3685 525 3748 17
556 3682 640 3770 (ab)
669 3703 724 3768 pro
754 3683 911 3748 Bethleem
938 3683 1139 3748 scribendum
1168 3682 1221 3760 sit,
1245 3683 1358 3764 utpote

206 3793 309 3856 forma
332 3791 431 3856 rarior
453 3811 509 3872 pro
533 3792 722 3874 uolgatioro.

254 3898 402 3964 Ceterum
439 3899 477 3962 16
515 3899 636 3963 rebus
674 3897 1008 3983 orthographicis
1042 3897 1146 3962 scriba
1178 3895 1296 3960 codicis
1329 3896 1358 3961 R

206 4005 334 4070 omnino
364 4005 443 4070 satis
473 4005 535 4071 sibi
564 4009 711 4070 66661666
740 4005 779 4069 ad
808 4005 993 4088 exemplaris
1023 4003 1193 4068 admodum
1221 4002 1356 4068 boniac

207 4111 329 4178 6616611
352 4131 505 4191 normam,
530 4132 634 4194 quam,
663 4112 718 4178 ubi
745 4112 814 4177 fieri
842 4115 957 4194 potest,
987 4111 1082 4176 etiem
1106 4130 1165 4176 666
1187 4110 1278 4192 66661
1300 4127 1357 4191 666

201 4222 258 4284 est
284 4237 341 4283 666
369 4237 445 4282 6666
474 4219 604 4285 Wrobel
632 4219 788 4284 61616666
819 4223 949 4284 6666166
983 4220 1041 4294 661,
1077 4237 1166 4284 suam
1199 4216 1356 4282 scribendi

205 4326 358 4391 rationem
378 4323 528 4391 direxisse
548 4325 685 4391 uidetur.
706 4326 876 4410 scripserat
895 4325 978 4390 enim
996 4324 1115 4406 ubique
1138 4320 1354 4408 theoreumata)

1283 4425 1318 4479 d*
