3204 4996
251 434 326 500 XVI
673 432 965 502 Prolcgomena.

250 646 332 692 nono
363 627 433 692 loco
462 626 514 709 (cf.
544 626 669 693 codices
692 626 888 692 Laudianum
912 630 944 692 ct
965 625 1077 712 Italos)
1108 627 1284 693 collocatus
1308 627 1397 691 firma

250 731 325 797 sede
348 736 459 816 utpote
479 752 496 797 a
513 733 640 799 librario
659 732 796 816 quodam
816 736 928 816 postea
946 733 1072 798 demum
1096 733 1167 818 (sed
1191 737 1262 798 ante
1281 753 1396 798 anuum

250 838 330 926 413)
353 840 491 906 insertus
519 844 614 919 caret,
644 859 716 905 cum
744 843 865 906 ceterae
894 841 1047 925 genuinae
1069 842 1175 923 partes
1201 840 1396 906 collectionis

252 945 362 1010 eodem
394 965 518 1028 semper
544 946 576 1019 in
606 947 752 1011 omnibus
776 947 829 1010 uel
852 947 987 1012 alicuius
1011 945 1210 1012 auctoritatis
1234 945 1396 1011 codicibus
1444 969 1445 972 ¹

251 1052 357 1118 ordine
381 1071 451 1118 sese
476 1053 641 1135 excipiant.

296 1159 962 1242 3.QuotemporeRufinusnouem
980 1158 1395 1244 Gregoriioratioues

249 1266 553 1348 interpretatus
592 1267 656 1340 sit,
694 1265 804 1347 primis
842 1265 1047 1348 praefationis
1084 1266 1191 1332 uerbis
1228 1266 1397 1332 edocemur

250 1371 294 1456 (p.
315 1374 346 1451 3,
366 1369 415 1458 2):
435 1371 705 1455 proficiscenti
724 1371 815 1434 miii
833 1393 875 1435 en
893 1373 980 1436 nrbc
998 1393 1183 1456 mnqnopcrc
1200 1372 1395 1454 ininnpebcs,

250 1480 436 1560 Aproniana
455 1479 511 1563 fili
533 1479 702 1554 carissime,
722 1481 757 1541 ni
776 1479 831 1542 tibi
858 1479 990 1544 obscns
1014 1500 1131 1560 quoqne
1149 1479 1274 1559 aliquid
1296 1480 1397 1568 operis

249 1584 458 1667 iripcndcreni,
482 1606 520 1650 ne
544 1605 601 1649 nos
625 1605 645 1648 n
669 1586 822 1649 consectis
843 1585 959 1650 stadiis
982 1588 1149 1650 necessitas
1171 1606 1257 1650 norae
1274 1585 1396 1667 profec-

249 1693 345 1757 tionis
368 1692 525 1757 inhiberet.
543 1691 671 1773 petebas
694 1711 764 1773 erpo
790 1691 975 1774 Greporinni
999 1693 1056 1756 tibi
1078 1695 1116 1756 in
1134 1691 1288 1756 Lciinnnc
1307 1691 1396 1755 nerii.

249 1799 357 1881 itaque
393 1802 468 1884 post
497 1799 605 1864 Rufini
636 1798 863 1882 profectionem
898 1818 933 1862 ex
965 1799 1042 1863 urbe
1074 1799 1176 1864 Roma
1207 1802 1304 1882 atque
1335 1817 1396 1863 non

249 1905 352 1970 multo
389 1907 463 1987 post
498 1903 789 1988 interpretationem
827 1907 927 1969 ortam
964 1923 1035 1970 esse
1072 1905 1299 1988 comperimus3
1341 1903 1397 1968 sed
1435 1901 1437 1904 ’

251 2009 421 2093 quaeritur,
446 2010 568 2094 quando
592 2011 727 2076 Rufinus
749 2010 850 2076 Roma
871 2011 1034 2094 profectus
1059 2011 1111 2077 sit.

293 2117 399 2199 Atque
428 2136 618 2201 quamquam
646 2136 708 2183 non
732 2137 857 2200 semper
879 2117 918 2182 ad
942 2121 1099 2184 certorum
1128 2138 1280 2184 annorum
1304 2118 1397 2184 ratio·

249 2243 321 2288 nam
344 2223 451 2289 Rufini
478 2223 546 2288 uita
572 2227 679 2307 potest
706 2224 852 2304 enanari,
878 2227 985 2290 tamen
1013 2244 1060 2305 ea,
1090 2245 1170 2310 quae
1194 2225 1233 2290 ad
1256 2229 1397 2292 nostram

249 2330 562 2409 1·emfaciunt‚satis
583 2334 728 2396 accurate
748 2331 876 2397 definire
898 2331 984 2397 licet.
1007 2333 1126 2397 scimus
1150 2333 1234 2398 enim
1248 2332 1397 2398 Rufinum

248 2436 280 2502 in
303 2456 379 2522 agro
402 2437 599 2520 Aquileiensi
617 2436 859 2524 (Concordiael)
883 2441 1005 2516 uatum,
1028 2443 1198 2523 postquam
1222 2440 1395 2504 monachus

248 2544 353 2610 factus
371 2565 432 2625 per
454 2545 585 2627 tripintc
598 2543 670 2628 sere
694 2565 804 2622 annos,
828 2549 865 2610 ut
887 2544 956 2630 ipse
979 2545 1065 2611 haud
1090 2547 1167 2612 satis
1186 2549 1293 2611 exacte
1313 2562 1396 2610 corn·

249 2650 394 2734 pluribus
417 2650 529 2736 locis1)
552 2650 640 2730 dicit,
667 2650 815 2718 interris
839 2652 1055 2733 orientalibus,
1083 2650 1251 2718 maximam
1274 2653 1395 2738 partem
1453 2638 1455 2641 ⁵

248 2757 454 2823 Alexandriae
482 2761 515 2822 ot
537 2759 780 2842 Hierosolymis,
808 2763 956 2825 uersatus
988 2764 1047 2840 est,
1077 2763 1189 2843 quarto
1213 2758 1395 2825 saeculo'in

248 2864 341 2929 finem
374 2867 524 2948 uergente
552 2865 686 2930 Romam
717 2865 852 2932 rediisse
884 2870 916 2932 et
946 2866 992 2930 ibi
1025 2866 1151 2932 demum
1185 2867 1324 2934 animum
1358 2864 1396 2928 ad

249 2971 405 3053 opuscula
420 2970 540 3036 Graeca
557 2972 589 3036 in
604 2990 782 3037 sermonem
796 2973 945 3039 Latinum
959 2973 1175 3038 transferenda
1190 2973 1395 3038 conuertisse.

249 3095 284 3143 ac
308 3077 445 3161 primum
469 3077 596 3161 quidem
614 3078 753 3144 Macario
779 3080 916 3163 quodam
938 3081 1007 3146 uiro
1031 3079 1130 3145 nobili
1152 3083 1281 3162 rogante
1305 3080 1396 3142 Pam-

248 3185 329 3269 phili
351 3185 525 3270 Apologiae
548 3205 603 3270 pro
629 3185 764 3271 Origene
787 3187 904 3253 librum
927 3187 1063 3270 primum
1087 3188 1313 3270 interpretatus
1338 3189 1396 3265 ost,
1445 3189 1447 3192 ’
1523 3179 1525 3181 ’

249 3311 439 3375 quamquam
478 3312 511 3358 sc
548 3296 671 3358 tantum
703 3295 856 3378 temporis
889 3294 1027 3379 spatium
1061 3314 1079 3359 a
1108 3294 1237 3378 linguae
1267 3293 1396 3359 Latinae

247 3399 340 3465 terris
368 3400 530 3465 absentem
561 3399 683 3463 nnllnrn
710 3421 802 3466 nsnrn
828 3398 1041 3466 loninscencodi
1068 3400 1170 3480 operis
1196 3399 1341 3466 babuisse
1367 3403 1396 3462 ei

248 3504 293 3569 nd
310 3504 466 3570 Lotinnrn
484 3525 654 3570 sernconern
671 3506 839 3572 tricennali
861 3508 928 3571 inin
948 3527 1049 3588 poene
1067 3507 1193 3571 incnrin
1210 3505 1395 3588 torpnissffl)

249 3610 377 3678 dixerat.
409 3612 461 3677 hic
493 3612 577 3676 enim
605 3613 765 3678 Macarius
793 3613 946 3679 aduersus
974 3614 1076 3678 iatum
1105 3613 1280 3695 scripturus
1305 3614 1337 3676 et
1363 3611 1396 3675 in
1466 3691 1468 3696 Ι

249 3717 438 3801 quibusdam
476 3716 514 3782 de
547 3719 671 3783 diuinae
709 3719 926 3802 prouidentiae
960 3719 1200 3802 quaestionibus
1234 3717 1395 3781 haesitans

242 3845 304 3906 per
326 3844 465 3905 soporem
487 3824 550 3889 sibi·
572 3847 592 3888 o
616 3825 739 3890 domino
758 3825 820 3889 tole
842 3823 968 3906 ciiqnid
991 3824 1111 3889 dicebat
1130 3827 1294 3898 ostensnrn,
1313 3822 1397 3903 qnod

248 3933 344 3995 nonis
362 3933 391 3994 ei
409 3930 564 4012 qiincdnrn
579 3931 843 3998 demonstraretur
857 3933 977 3994 erninns
994 3929 1168 3992 odnentore
1176 3948 1238 4010 per
1251 3928 1394 4012 peinpns,

249 4058 336 4120 qnae,
370 4047 441 4103 cnm
467 4044 597 4120 portnrn
627 4037 738 4118 fnisset
769 4037 920 4119 inpresso,
953 4035 1050 4101 nodos
1076 4056 1152 4101 snae
1179 4035 1397 4102 haesitationis

293 4176 313 4243 1)
332 4177 409 4246 Apol.
428 4177 442 4232 I
462 4179 502 4231 ll.
523 4179 566 4231 21.
586 4177 663 4246 Apol.
684 4176 719 4230 ad
733 4177 827 4230 Anasi.
848 4177 871 4240 1,
887 4176 920 4232 cf.
935 4177 1045 4238 Hieron.
1062 4194 1084 4232 c.
1098 4175 1160 4230 Rus.
1176 4175 1204 4229 II
1218 4176 1243 4230 2.
1257 4176 1298 4230 ΙΙΙ
1312 4178 1336 4230 6,
1352 4176 1395 4230 26.

293 4265 314 4332 ²)
333 4267 373 4321 cf.
392 4267 504 4320 Hieron.
523 4265 814 4320 contraRuf.1'1126:
833 4283 943 4320 rursum
963 4267 1102 4331 odinoncs,
1121 4272 1154 4320 ni
1171 4265 1292 4322 sciamus
1310 4272 1335 4320 tc
1344 4281 1397 4333 per

248 4356 363 4426 triginta
382 4371 472 4409 nanos
493 4354 607 4410 Graecis
625 4354 813 4409 nolnrninibns
832 4355 974 4411 decoratis
993 4356 1103 4413 Latino
1121 4356 1235 4410 nescire.
