3214 4988
548 470 569 524 Ι.
590 468 834 538 Apologeticus
854 470 967 523 34-38.
1292 475 1332 537 31

185 669 219 728 et
245 665 392 746 passione
421 682 456 728 ac
483 663 712 728 resurrectione
741 667 836 746 atque
869 665 1050 730 ascensione
1083 665 1114 729 in
1148 667 1263 743 caelos,
1298 668 1335 731 de

183 771 246 836 fine
280 771 432 847 omniurn,
470 770 508 834 de
539 769 669 846 iudicio,
707 769 745 834 de
778 770 983 834 retributione
1019 771 1072 835 uel
1104 771 1246 836 tristium
1282 775 1336 837 uel

183 879 350 955 bonorum,
385 897 481 960 snpra
509 878 614 942 omnia
641 896 716 941 nero
747 881 779 942 et
807 879 891 960 quod
918 878 1055 961 primum
1085 882 1144 954 est,
1178 878 1215 943 de
1244 880 1336 944 beato

184 989 217 1049 ct
243 985 434 1068 principium
464 984 604 1048 omnium
637 987 762 1048 terrente
794 985 935 1048 trinitate
969 986 1104 1066 qualiter
1136 986 1334 1050 sentiendum

148 1115 163 1152 ⁵
183 1093 235 1156 sit
259 1093 290 1155 in
315 1109 377 1174 quo
398 1095 433 1155 'et
455 1090 588 1173 periculi
613 1109 737 1154 summa
761 1091 909 1156 consistit
932 1091 981 1154 his
1007 1091 1061 1173 qni
1085 1091 1124 1154 ad
1146 1092 1334 1156 inluminari·
1362 1102 1378 1152 2

184 1198 241 1263 dos
271 1201 392 1262 ceteros
420 1201 580 1281 praesunt,
614 1198 662 1260 uti
689 1216 727 1261 ne
755 1199 808 1261 uel
836 1197 866 1262 in
895 1217 989 1262 unam
1023 1197 1263 1262 subsistentiam
1299 1217 1334 1262 ac

183 1321 350 1384 personam
379 1321 522 1367 sermone
552 1305 713 1367 contracto
741 1307 904 1384 tamquam
934 1302 1062 1367 deorum
1096 1303 1335 1368 multitudinem

183 1410 290 1473 uitans
324 1408 395 1489 quis
429 1409 512 1473 solas
546 1408 775 1492 appellationes
808 1409 972 1474 nominum
1004 1413 1096 1490 putet
1133 1413 1165 1474 et
1201 1410 1334 1474 eundem

183 1518 304 1598 patrem
340 1517 372 1579 et
403 1515 504 1578 filium
538 1519 570 1580 et
607 1516 753 1598 spiritum
791 1519 936 1581 sanctum
974 1517 1144 1582 aestimans
1182 1517 1335 1582 nominari

134 1643 164 1687 ro
184 1621 224 1685 ad
248 1621 379 1686 Sabellii
401 1623 587 1703 inpietatem
611 1641 647 1686 ex
677 1622 898 1688 huiuscemodi
927 1621 1111 1687 confusione
1140 1641 1175 1688 ac
1203 1623 1334 1706 permix-

183 1729 268 1805 tione
297 1729 443 1808 declinet
478 1734 524 1806 ut,
560 1729 633 1793 dum
667 1749 765 1794 unum
800 1729 904 1793 omniu
936 1731 1089 1794 nominari
1121 1735 1223 1814 putat,
1257 1731 1336 1794 nihil

184 1855 254 1900 esse
286 1855 546 1918 unumquemque
578 1837 733 1920 designet.
769 1837 916 1918 quoniam
950 1837 1076 1919 quidem
1111 1837 1234 1902 desinet
1265 1857 1335 1903 csse

184 1943 268 2025 quod
297 1945 356 2020 est,
391 1962 462 2007 cunr
495 1944 526 2006 in
559 1943 746 2007 alterutrum
778 1943 821 2020 id,
856 1943 940 2025 quod
974 1963 1043 2008 esse
1078 1944 1194 2009 dicitur·
1226 1947 1335 2011 nnius-

184 2049 350 2132 euiusque,
365 2049 597 2115 transfunditur·
613 2087 651 2096 —-
669 2050 722 2114 uel
741 2055 835 2127 certe,
852 2049 936 2132 quod
956 2051 1126 2116 absurdum
1147 2055 1204 2129 est,
1222 2071 1335 2134 conpo-

137 2177 165 2220 15
184 2157 266 2220 situs
304 2157 394 2222 nobis
431 2177 468 2221 en
505 2157 640 2220 diuersis
677 2157 890 2220 introducitur
926 2158 1003 2222 deus
1047 2158 1220 2222 secundum
1261 2158 1334 2223 illas

184 2263 276 2346 uulgi
299 2261 434 2342 fabulas,
464 2263 580 2345 quibus
605 2282 641 2326 en
665 2263 800 2328 diuersis
824 2264 935 2328 formis
959 2283 1057 2328 unmn
1082 2265 1198 2328 animal
1227 2265 1334 2329 adurn-

183 2371 294 2433 bratnr
308 2373 402 2452 atque
422 2369 602 2454 depingitur
615 2407 667 2450 -,
682 2389 783 2452 neque
798 2389 922 2434 rursum
940 2370 1167 2436 interementes
1183 2372 1233 2436 dci
1247 2376 1334 2436 natu-

184 2497 251 2540 ram
276 2471 448 2540 secundum
475 2475 557 2540 Arrii
580 2476 743 2541 nasaniam
768 2481 799 2540 et
822 2477 905 2540 intra
927 2476 1088 2540 Iudaicam
1117 2482 1335 2559 paupertatem

185 2583 364 2646 diuinitatis
407 2582 588 2647 afluentiam
633 2583 868 2660 concludentes,
899 2586 936 2646 ut
972 2583 1031 2647 soli
1072 2584 1212 2666 ingenito
1254 2586 1336 2666 patri

138 2713 166 2756 ao
185 2707 343 2752 summum
377 2689 504 2754 deitatis
538 2689 717 2754 adscribant
753 2691 844 2753 uelut
880 2693 1060 2754 metuentes
1098 2710 1136 2754 ne
1175 2695 1335 2773 corruptio

184 2795 276 2860 nobis
306 2794 433 2860 deitatis
466 2795 532 2860 fieri
563 2797 719 2874 uideatur,
753 2796 782 2860 si
815 2795 891 2860 deus
925 2799 1014 2878 pater·
1047 2796 1090 2858 sit
1121 2796 1189 2859 ueni
1221 2796 1271 2860 dei
1305 2801 1337 2860 et

186 2902 328 2984 aequalis
353 2902 414 2966 sibi
437 2902 494 2966 filii
518 2922 574 2986 per·
596 2907 750 2983 naturam,
779 2922 881 2984 neque
910 2903 969 2966 tria
998 2903 1126 2966 deitatis
1154 2903 1245 2966 initia
1274 2903 1336 2966 sibi

185 3009 322 3072 inuicem
347 3009 502 3073 contraria
524 3011 683 3093 proferant
707 3013 739 3074 et
763 3009 897 3087 diuersa,
922 3014 958 3073 ut
981 3029 1036 3091 per·
1060 3009 1160 3073 multa
1184 3009 1337 3092 principia

185 3137 312 3182 rursum
337 3117 376 3180 ad
398 3136 592 3202 paganorum
617 3136 747 3194 errores,
776 3117 858 3181 unde
882 3116 1060 3180 discessum
1088 3117 1200 3194 iuerat,
1235 3117 1336 3182 redire

141 3246 169 3289 aa
189 3223 366 3288 uideantur.

232 3331 284 3395 38.
320 3331 431 3414 Neque
463 3332 495 3395 in
527 3335 592 3396 tres
626 3333 822 3395 substantias
856 3331 974 3395 alienas
1009 3351 1026 3394 a
1059 3350 1092 3394 se
1130 3331 1268 3395 inuicem
1307 3335 1338 3395 et

188 3437 330 3502 diuersas
358 3439 405 3502 fas
439 3440 490 3502 est
522 3438 625 3502 dirimi
660 3439 809 3502 deitatem
843 3438 1015 3502 secundum
1044 3438 1179 3502 Arrium.
1214 3441 1338 3519 oportet

227 3751 300 3819 let]
322 3750 422 3803 aoOA
478 3751 518 3820 ac]
539 3751 632 3804 etOA
669 3750 803 3805 nfideli
859 3749 891 3803 de
913 3750 973 3817 alt]
994 3752 1062 3804 etA
1117 3749 1338 3803 tribulationeR

188 3839 330 3892 ltenenti
354 3839 428 3908 Vpc.
520 3839 628 3893 ettrin.
652 3840 678 3892 V
745 3839 928 3909 tpcriculum
949 3857 1117 3893 summumo
1181 3839 1337 3892 Scitantes

189 3927 1061 3998 qui-putent--estirnantes—declinent—putant—designent
1089 3945 1104 3982 a
1213 3927 1259 3995 qui
1287 3927 1341 3980 Ac

190 4015 354 4068 omniumA
410 4019 509 4069 etom.
532 4015 613 4069 OAV
665 4033 723 4070 enm
744 4020 770 4069 A
804 4017 842 4070 *10
862 4015 1165 4070 sabeliiOsabelliV
1204 4017 1234 4068 11
1256 4031 1337 4068 unum

189 4121 240 4158 om.
266 4104 292 4155 V
365 4107 444 4173 putet
463 4105 490 4160 R
555 4106 587 4157 12
608 4105 714 4174 quidem
735 4106 758 4158 si
779 4108 813 4168 (si
832 4121 853 4157 s.
874 4105 949 4175 l.)0
1035 4103 1136 4157 desinit
1157 4103 1194 4158 Uo
1213 4104 1339 4172 designet

192 4193 242 4246 OA
271 4193 398 4263 designat
426 4195 451 4246 V
540 4193 572 4247 13
602 4211 660 4248 curn
689 4211 740 4248 om.
768 4194 790 4247 Ο
895 4196 928 4248 15
956 4193 1210 4248 introd-diuersis
1238 4209 1288 4246 oar.
1317 4191 1339 4244 O

191 4282 533 4351 restaurationisque
615 4284 665 4337 soli
684 4283 712 4338 R
731 4285 788 4337 solo
808 4289 890 4338 ceto
967 4285 1001 4336 23
1022 4283 1116 4352 contu]
1137 4283 1292 4336 aduersaria
1316 4281 1342 4334 V

189 4372 224 4424 26
244 4371 271 4424 11
291 4373 356 4442 tres]
375 4373 447 4426 inter
466 4375 492 4424 A
546 4373 580 4427 27
601 4373 720 4426 diuersas
740 4371 912 4442 (dlloapia;)]
934 4372 1036 4426 diuisas
1060 4371 1179 4425 OAOVo
