3194 4982
539 407 589 462 ΙΙΙ.
609 409 654 463 Da
674 409 856 464 luminibus
877 409 989 465 10-12.
1274 418 1334 482 121

190 604 468 668 daibasoostuox
486 604 662 668 laetitiae
676 606 719 688 ‚ot
738 605 883 670 salutis
897 605 934 670 in
949 607 1207 674 tabernaculis
1221 609 1338 674 iusto-

191 731 277 788 rum,
288 711 343 775 ubi
354 711 392 776 do
403 711 461 775 dao
474 729 576 776 sermo
589 715 638 775 est
648 714 681 776 et
691 711 741 776 dei
752 712 853 794 glou'a
863 712 1072 794 praedicatur.
1085 733 1169 791 sane,
1180 715 1207 778 si
1218 716 1338 798 aliquid
1366 720 1382 771 2

191 837 227 882 ox
255 817 305 882 bis
333 837 413 900 quaa
441 819 529 900 prius
558 818 694 884 diximus
724 819 819 882 stiam
848 819 1017 884 hodiernus
1047 819 1098 885 bio
1127 840 1228 888 sermo
1253 841 1339 904 pras·

191 924 373 1006 sumpserit,
393 943 486 990 nomo
506 925 648 989 miratur.
668 944 769 1008 usquo
790 926 872 990 onim
892 926 1018 992 uidetur
1036 927 1210 992 absurdum
1230 927 1340 992 eadem

158 1047 173 1090 s
192 1050 287 1115 saepo
305 1035 457 1115 rapotone,
478 1051 550 1097 oum
570 1032 679 1097 eadam
698 1032 823 1097 dicendi
837 1033 970 1098 matoria
983 1037 1185 1116 proponatur,
1205 1035 1339 1100 maximo

191 1157 263 1204 oum
300 1143 406 1204 metus
442 1139 553 1223 ingens
592 1138 736 1204 obsideat
771 1140 915 1224 linguam
957 1145 989 1204 st
1029 1141 1138 1206 horror
1177 1142 1340 1207 inmensus

189 1248 328 1311 mentem
351 1246 555 1328 animumque
578 1250 750 1329 porourrat,
776 1266 847 1312 curn
872 1248 910 1312 da
935 1248 992 1313 deo
1015 1247 1104 1331 loqui
1127 1249 1341 1332 proponimus.

192 1357 266 1437 opto
291 1357 398 1418 autem
423 1352 518 1418 etiam
542 1354 634 1417 nobis
659 1353 858 1419 auditoribus
882 1355 987 1420 inosso
1016 1354 1166 1421 affectum
1194 1355 1340 1420 buiusoa·
1368 1358 1384 1412 3

191 1460 277 1525 modi
304 1459 428 1524 timoris
457 1460 488 1524 in
523 1459 689 1526 audiendo.
724 1459 818 1525 doum
852 1478 925 1525 oum
958 1462 1094 1541 nomino,
1127 1481 1188 1528 uno
1220 1461 1341 1526 lumino

149 1589 178 1634 ro
192 1567 424 1632 inluminamini
444 1569 476 1632 st
494 1567 612 1632 tribus:
632 1566 734 1632 tribus
754 1567 882 1650 quidam
902 1568 1076 1633 seoundum
1090 1569 1342 1651 uniuscuiusque

190 1674 399 1758 proprietatos
424 1675 493 1740 sius
518 1674 755 1753 subsistentias,
778 1680 816 1740 ut
839 1674 999 1756 aliquibus
1018 1674 1185 1739 dicendum
1206 1675 1341 1754 uidetur,

193 1781 263 1845 sius
285 1799 437 1863 personas
460 1817 503 1828 —
526 1780 606 1845 nihil
630 1781 713 1844 onim
736 1801 792 1864 pro
816 1781 1047 1846 uocabulorum
1071 1780 1256 1846 diuersitate
1280 1781 1341 1846 dis-

192 1887 361 1952 sidendum
389 1891 448 1966 ast,
482 1906 555 1952 oum
583 1887 623 1951 ad
651 1887 785 1954 eundum
814 1907 944 1954 sensum
976 1888 1139 1953 nominum
1174 1888 1343 1953 diuersitas

191 1997 343 2078 prouooet
375 1994 573 2060 intellectum
607 2030 659 2072 -,
697 2013 758 2058 uno
793 1998 900 2060 autom
933 1995 1108 2061 sooundum
1145 1995 1344 2060 substautias

144 2126 172 2170 15
192 2102 246 2165 nol
265 2100 393 2166 deitatis
407 2101 570 2166 rationem.
590 2100 745 2166 diuiditur
760 2119 845 2184 ergo,
864 2103 901 2166 ut
913 2100 960 2165 ita
974 2101 1088 2179 dinam,
1108 2101 1345 2167 indiuisibilitar
1371 2105 1388 2156 4

193 2211 227 2272 st
249 2208 453 2292 coniungitur
476 2207 693 2284 diuisibilitsr3
723 2227 786 2272 una
809 2212 858 2272 est
882 2208 963 2272 enim
992 2209 1025 2272 in
1053 2208 1156 2272 tribus
1184 2207 1285 2273 deitas
1313 2209 1345 2272 et

192 2314 254 2378 triu
279 2317 362 2393 sunt,
385 2316 417 2379 in
438 2314 554 2398 quibus
575 2319 623 2379 ast
643 2315 753 2396 deitas,
776 2314 885 2394 immo,
909 2319 947 2380 ut
966 2315 1073 2379 uerius
1094 2313 1207 2393 dioam,
1231 2315 1263 2378 in
1284 2332 1345 2396 quo

194 2424 244 2485 ost
268 2421 378 2487 deitas.
408 2422 547 2506 amplius
572 2420 824 2504 automwaliquid
849 2420 901 2485 uol
925 2420 1029 2485 minus
1058 2421 1283 2504 relinquamus,
1310 2425 1347 2484 ut

193 2547 295 2610 nequo
323 2529 378 2594 fiat
405 2529 437 2592 in
465 2529 588 2593 unitata
617 2527 760 2592 confusio
789 2528 949 2610 usquein
978 2526 1133 2592 diuisione
1166 2527 1344 2592 discidium.

143 2669 173 2712 20
193 2637 309 2721 paritor
341 2637 457 2702 atenim
490 2635 655 2700 abicienda
688 2639 738 2700 est
770 2638 801 2699 at
831 2634 961 2700 sabellii
991 2634 1171 2698 commixtio
1203 2642 1235 2697 et
1261 2632 1346 2698 Arrii

194 2743 363 2828 separatim
406 2743 562 2808 contraria
599 2742 714 2807 etenim
759 2742 830 2818 sibi,
873 2741 929 2806 sad
971 2760 1069 2823 saque
1110 2740 1197 2822 inpia
1238 2743 1343 2821 protu-

193 2853 309 2917 lerunt.

240 2959 289 3022 12,
312 2955 440 3021 Nobis
465 2959 597 3020 autem
619 2974 722 3021 unus
748 2955 844 3020 deus
868 2957 992 3038 potor,
1022 2973 1064 3018 ox
1093 2973 1168 3036 quo
1199 2953 1341 3031 omnia,

285 3167 363 3220 1Ps.
385 3166 444 3232 117,
466 3166 499 3219 rs
554 3166 588 3220 aa
608 3165 622 3218 1
641 3163 701 3220 oor.
721 3165 782 3230 aa

232 3344 245 3396 1
266 3346 308 3397 est
327 3359 378 3398 om.
393 3339 420 3394 R
458 3342 474 3395 3
493 3340 567 3410 prius
587 3356 668 3396 oona
688 3357 747 3394 oum
766 3339 844 3394 codd.
864 3337 1030 3406 quibusdam
1049 3337 1230 3392 deterioribus
1280 3354 1344 3406 ¹pro·

195 3434 347 3502 sumpsernt
364 3432 438 3486 Ome.
489 3431 597 3484 4enirn
616 3445 667 3483 om.
685 3429 722 3483 Co
786 3426 1120 3493 subsannando
1175 3426 1342 3480 donimam-

195 3537 264 3590 quua
283 3520 311 3575 R
400 3519 539 3587 aautem]
560 3519 603 3572 bio
622 3535 645 3580 a,
666 3535 716 3572 om.
736 3517 763 3570 A
857 3516 927 3571 bad
947 3515 1109 3570 audiendum
1128 3517 1155 3568 A
1175 3514 1344 3568 audiendos

194 3610 316 3679 nomino]
337 3609 446 3664 omnino
466 3607 493 3662 R
563 3608 595 3662 10
615 3607 814 3660 inluminamini
835 3612 874 3660 est
892 3606 1075 3674 imperalium
1093 3602 1345 3674 (neproorpdpd-prr)

196 3699 263 3754 add.
276 3698 304 3753 R
318 3700 348 3752 io
361 3715 426 3768 mpa
443 3701 519 3752 ronta
533 3696 600 3750 fidas
615 3696 648 3750 de
663 3696 769 3750 unitate
788 3696 960 3750 substantiae
981 3698 1008 3748 et
1027 3695 1151 3748 trinitate
1170 3708 1344 3762 personarum

197 3791 290 3843 contra
309 3788 428 3844 arrianos
449 3789 477 3842 et
496 3785 659 3842 sabellianos
733 3787 761 3840 et
780 3801 831 3839 om.
853 3783 890 3838 Co
941 3783 973 3838 11
993 3781 1214 3854 proprietatisO
1285 3781 1344 3833 siue

197 3875 535 3930 subsistentias-uidetur
553 3891 603 3928 om.
623 3891 639 3928 o
720 3873 910 3928 subsistentias
929 3871 1116 3940 (oroordoercss
1136 3869 1302 3924 substantias
1324 3869 1347 3922 0

196 3971 228 4020 ut
247 3981 299 4020 om.
317 3964 373 4020 110
431 3966 463 4019 12
484 3965 540 4018 siue
565 3965 639 4017 Vua.
713 3962 924 4016 diffidendumu
989 3963 1022 4015 lt
1040 3958 1168 4014 unumO
1240 3957 1343 4026 autom]

196 4055 283 4110 hoca
355 4053 501 4108 seeundum
521 4051 751 4106 substantiamV
798 4052 831 4105 15
851 4049 896 4104 uel
915 4067 965 4106 ooo.
983 4049 1021 4103 Co
1077 4049 1109 4102 16
1128 4047 1275 4102 nisibilitar
1297 4044 1346 4099 00

199 4146 232 4198 17
251 4148 311 4198 tres
328 4143 350 4210 (i
368 4159 390 4197 s.
411 4148 436 4210 a)
459 4141 482 4196 0
555 4143 716 4196 immo-est
735 4140 822 4194 deitas
842 4156 892 4194 om.
912 4157 928 4194 o
989 4140 1021 4194 18
1041 4142 1130 4192 autem
1150 4154 1201 4192 om.
1225 4136 1251 4189 V
1266 4135 1343 4188 hioo

198 4233 233 4286 20
257 4233 421 4302 commixtio]
448 4231 512 4285 add.
536 4231 567 4284 br
591 4248 642 4301 τηρ,
665 4231 718 4298 dos.
742 4230 833 4297 cogita
856 4228 889 4282 do
913 4229 1000 4282 natali
1024 4227 1126 4282 domiui
1148 4227 1176 4281 R
1199 4241 1271 4279 otuu.
1292 4240 1343 4278 rec.

198 4323 230 4374 21
253 4322 347 4390 aeque]
368 4320 490 4390 adaeque
512 4320 535 4373 0
