3194 4982
249 387 291 449 96
763 379 877 434 Rufini

248 575 304 643 sed
327 580 359 642 et
383 593 491 642 omnes
515 577 679 658 apostatae
703 577 734 638 et
756 573 885 658 refugae
909 575 1023 660 augeli,
1048 576 1102 659 qui
1120 576 1180 642 sub
1198 577 1270 660 ipso
1291 577 1388 643 effecti

248 687 391 747 auctores
411 681 551 746 malitiae
569 700 626 763 per
644 679 885 746 declinationem
899 681 974 746 boni
987 684 1053 746 tam
1069 683 1130 748 sibi
1146 701 1241 765 quarn
1256 684 1387 749 humano

248 789 355 874 generi
380 788 561 854 extiterunt.

293 897 342 962 10.
366 896 436 961 Hoc
461 913 535 980 ergo
558 894 653 959 modo
677 896 710 958 et
731 897 860 976 propter
882 894 960 958 baec
978 894 1197 978 intellegibilis
1216 896 1272 961 ille
1292 899 1391 962 extitit

247 1003 395 1082 mundus,
422 1004 518 1086 prout
540 1021 591 1066 me
615 1000 767 1083 possibile
791 1003 842 1066 est
865 1001 903 1065 de
927 1001 977 1066 his
1006 1001 1223 1086 philosophari
1250 1022 1390 1069 sermone
1416 1024 1428 1066 a

246 1109 358 1194 exiguo
387 1113 419 1175 et
446 1127 544 1191 paruo
571 1125 686 1190 magua
714 1109 746 1171 et
772 1107 915 1172 inmensa
947 1107 1142 1190 pendentem.
1175 1128 1289 1174 uerum
1322 1130 1389 1175 cum

245 1216 325 1282 bene
349 1218 381 1280 et
403 1215 497 1300 digne
516 1215 618 1298 prima
636 1213 819 1291 cessissent,
844 1213 975 1278 secundi
994 1213 1106 1279 deiude
1125 1215 1235 1279 mundi
1253 1216 1392 1281 intuetur

246 1322 418 1401 exordium,
446 1321 618 1386 materialis
647 1319 773 1385 scilieet
801 1320 896 1384 huius
924 1324 957 1384 et
984 1320 1134 1400 uisibilis,
1163 1321 1218 1404 qui
1243 1341 1279 1386 ex
1309 1323 1391 1387 eaelo

246 1433 371 1496 constat
394 1433 428 1493 et
454 1432 536 1495 terra
563 1432 595 1492 et
622 1427 673 1492 his
702 1445 783 1509 quae
812 1427 894 1492 inter
921 1430 1091 1510 utrumque
1120 1431 1196 1492 suut
1222 1429 1336 1512 spatiis
1364 1434 1393 1494 et

245 1537 350 1616 robus,
380 1535 551 1602 laudabilis
584 1533 712 1619 quidem
745 1551 801 1616 pro
834 1533 970 1616 singulis
1004 1533 1182 1618 quibusque
1215 1536 1392 1618 speciebus,
1408 1555 1430 1598 1o

244 1644 346 1709 multo
369 1662 445 1708 uero
468 1641 687 1707 laudabilioris
712 1661 748 1705 ex
766 1639 930 1704 harmonia
949 1640 1090 1704 omnium
1109 1641 1394 1726 uniuersorumque

200 1760 216 1812 2
245 1770 395 1834 conpage.
431 1750 464 1814 in
498 1769 560 1831 quo
595 1767 718 1813 summa
755 1751 805 1812 est
841 1750 872 1812 et
909 1747 1065 1828 stupenda
1101 1767 1137 1812 er
1175 1750 1394 1815 contrarietate

244 1857 421 1934 eoncordia,
451 1855 527 1920 dum
550 1855 633 1919 iuter
660 1873 694 1918 se
721 1853 859 1918 inuicem
889 1852 1015 1918 diuersa
1044 1857 1128 1933 sunt,
1157 1873 1230 1920 cum
1259 1856 1394 1940 singulis

243 1968 350 2030 tamen
379 1963 505 2047 singula
538 1961 731 2027 conueniunt
763 1963 795 2024 et
827 1960 867 2025 ad
898 1961 993 2024 unius
1026 1961 1136 2026 mundi
1167 1963 1394 2044 perlectionem

244 2091 318 2136 curu
351 2070 510 2134 uniuersis
545 2071 658 2134 cuncta
694 2067 894 2145 concordant,
932 2070 970 2131 ut
1007 2068 1187 2133 ostenderet
1223 2069 1300 2152 quia
1335 2090 1394 2136 nou
1411 2088 1434 2133 a

245 2177 349 2241 solum
382 2178 490 2258 aptam
523 2175 585 2239 sibi
617 2178 649 2239 et
680 2173 920 2239 conuenientem
956 2176 1113 2253 naturam,
1150 2194 1260 2240 nerum
1299 2177 1396 2240 etiam

243 2284 336 2366 louge
355 2301 373 2346 a
393 2301 427 2348 se
447 2283 606 2347 diuersam
626 2281 821 2347 substituere
839 2282 955 2364 potest.
982 2283 1056 2362 apta
1075 2301 1211 2364 namque
1230 2285 1263 2347 ot
1282 2301 1396 2348 conue-

243 2389 333 2453 niens
358 2392 408 2454 est
431 2388 542 2453 deitati
565 2387 792 2452 intellectualis
822 2405 857 2451 ac
885 2385 1038 2469 spiritalis
1068 2390 1188 2466 natura,
1218 2407 1298 2471 quae
1328 2391 1397 2454 sola

244 2499 349 2560 mento
373 2496 523 2573 sentitur;
548 2495 685 2560 alienum
709 2513 785 2558 uero
810 2497 843 2558 et
864 2493 957 2576 longe
981 2511 999 2556 a
1024 2512 1057 2558 se
1076 2495 1216 2578 positum
1237 2499 1287 2560 est
1306 2496 1395 2580 quid-

245 2602 320 2685 quid
347 2603 475 2668 uisibile
505 2608 554 2668 est
582 2605 676 2684 atque
706 2619 900 2684 corpoream,
934 2603 966 2666 et
994 2601 1096 2667 multo
1124 2602 1228 2686 magis
1257 2603 1296 2667 ab
1325 2604 1436 2668 eiusao

243 2712 356 2775 natura
383 2709 484 2774 aliona
512 2727 548 2773 ac
576 2708 703 2772 diuersa
730 2709 804 2771 sunt
832 2725 1049 2791 quaecumque
1083 2708 1224 2772 exanima
1256 2711 1332 2773 sunt
1364 2713 1396 2774 et

199 2832 215 2885 3
242 2814 407 2880 inmobilia
438 2814 491 2879 uel
528 2813 656 2878 caduca.
695 2811 752 2877 sed
787 2811 921 2878 fortasse
959 2813 1045 2878 dieat
1082 2813 1154 2895 quis
1192 2833 1302 2878 eorum
1341 2815 1394 2896 qui

243 2921 351 3003 cupidi
375 2924 450 2986 sunt
471 2920 659 2986 festiuilatis
683 2938 763 3002 quae
786 2919 817 2983 in
842 2921 987 2985 manibus
1012 2924 1062 2985 est
1089 2920 1196 2984 audire
1223 2920 1392 2987 rationem:

243 3028 331 3111 ‘quid
359 3029 436 3093 haeo
465 3028 504 3093 ad
537 3030 686 3093 causam?
720 3025 796 3109 quid
829 3045 939 3092 currus
970 3027 1039 3110 agis
1072 3030 1158 3092 extra
1186 3027 1310 3093 metas?
1338 3029 1394 3092 illa

243 3135 333 3200 nobis
358 3153 438 3217 quae
457 3134 496 3198 ad
516 3133 763 3199 sollemnitatem
780 3133 940 3216 pertinent
959 3133 1098 3198 dissere)
1117 3137 1150 3197 et
1168 3152 1244 3200 sane
1268 3135 1392 3212 faciam,
1410 3156 1436 3200 aa

242 3242 319 3307 licet
346 3242 440 3324 paulo
470 3241 615 3325 superius
645 3240 804 3322 coeperim
832 3244 976 3324 raptatus
1009 3241 1189 3306 excelsioris
1221 3242 1311 3308 uerbi
1344 3243 1394 3306 dei

243 3348 408 3414 desiderio.

289 3458 340 3520 11.
363 3455 466 3539 Igitur
489 3474 578 3519 mens
604 3459 635 3518 et
658 3454 789 3520 materia
813 3455 872 3519 hoe
891 3455 985 3520 modo
1006 3475 1067 3538 quo
1089 3429 1235 3540 superius
1255 3454 1392 3519 diximus

277 3756 290 3808 l
311 3752 359 3807 sed
379 3755 407 3806 et
425 3768 517 3805 omnes
538 3751 580 3805 bie
592 3765 663 3820 poa,
681 3751 761 3804 semel
780 3766 840 3818 eap.
860 3750 888 3804 R
952 3752 1121 3821 apostqstatq
1135 3751 1163 3805 R
1182 3750 1394 3820 apotastatan

239 3843 350 3912 refugae
368 3845 399 3909 (a,
419 3842 432 3893 1
449 3841 470 3908 1)
490 3841 518 3895 R
535 3839 642 3909 refugia
664 3837 688 3892 Ο
788 3839 923 3893 dextetit
943 3836 1018 3893 Ome.
1038 3838 1165 3892 existite
1264 3840 1280 3892 5
1300 3855 1390 3892 sermo

238 3933 318 3988 Rae.
392 3931 571 3983 lcessentc
643 3927 760 3981 intuitur
780 3925 853 3981 Oce.
926 3926 1116 3980 8materiales
1135 3925 1214 3981 Rrec.
1284 3929 1391 3996 9quae

239 4022 322 4090 inter]
343 4019 436 4090 quiin
458 4017 495 4072 Oo
570 4017 604 4072 10
621 4016 841 4070 laudabilibuso
919 4018 950 4069 11
970 4015 1179 4075 laudabiliorO
1269 4017 1392 4070 armonia

239 4108 439 4176 ROV,Co.c,o
495 4107 527 4160 12
547 4123 577 4160 ex
597 4121 648 4160 om.
667 4105 695 4159 R
743 4105 775 4159 18
794 4105 994 4159 intellectuales
1017 4104 1092 4158 Oce.
1149 4105 1182 4158 19
1201 4103 1328 4173 quicquid
1347 4104 1393 4159 Ro

240 4201 274 4254 22
293 4199 350 4267 uel]
369 4201 397 4250 et
417 4197 455 4251 Uo
545 4195 650 4264 23611]
671 4195 744 4248 eto
831 4195 866 4249 24
886 4194 932 4263 qni
949 4194 1017 4248 haec
1036 4194 1115 4249 Rae.
1201 4195 1291 4247 metus
1309 4193 1390 4249 Reae.

240 4289 274 4343 25
293 4284 494 4358 pertineantO
567 4283 697 4337 disserere
720 4282 793 4337 Oeae.
849 4284 883 4336 26
903 4283 1062 4337 excelsiores
1085 4281 1158 4337 Orac.
