3204 4996
241 342 350 406 XXIV
673 342 969 413 Prolegomens.

230 541 274 604 ,οἱ
303 534 407 620 σφίδη,
436 533 557 617 [σαρκο
586 539 618 601 ei
646 536 787 622 σφόγγος
816 538 886 604 sim.
914 559 1014 622 nequo
1043 543 1101 617 esi,
1127 541 1211 623 quod
1235 543 1400 626 geminata

239 643 349 708 littora
370 642 381 705 l
402 643 614 720 offendamur3
638 645 832 726 perfalsum
857 645 940 712 euim
965 646 1142 732 analogiam
1165 667 1281 714 uocum
1300 648 1399 728 sobet-

242 749 329 826 tetio,
348 747 522 830 fieyetletio
542 751 596 814 uel
614 753 744 835 propter
762 751 917 816 seriorum
936 757 1115 836 temporum
1134 755 1398 819 consuetudinem

242 858 383 922 litteram
406 854 497 922 lnon
523 857 628 922 solum
652 861 726 938 post
749 859 894 924 uooolom
918 859 1045 942 longam
1071 860 1251 945 gemiusndi
1274 860 1397 943 (eumel-

244 963 294 1027 tns
315 961 492 1052 [κάμηλοςή
512 963 662 1040 cruentius,
676 963 843 1046 phasellus
862 965 957 1052 τίω),
977 967 1033 1032 sod
1052 968 1146 1032 eiiam
1161 969 1235 1052 post
1253 968 1397 1032 uooslem

243 1071 375 1136 breuem
405 1070 460 1158 (of.
484 1071 600 1152 toeitto,
624 1071 792 1152 tentilatio,
815 1071 986 1154 pouillutio
1011 1073 1080 1139 sim.
1104 1077 1136 1138 ei
1164 1073 1321 1157 φοίκελλος
1343 1093 1399 1157 pro

245 1178 399 1262 φάκελος)
423 1179 583 1244 scribendi
606 1179 687 1243 rutio
711 1178 872 1258 territatio
896 1197 914 1242 a
936 1178 1050 1245 Rufino
1069 1181 1139 1263 ipso
1163 1181 1304 1264 profecto
1327 1199 1396 1245 esse

245 1286 325 1349 mihi
349 1285 486 1352 uidetur.
511 1289 652 1351 cetorum
675 1285 773 1350 uerba
796 1289 885 1350 etin
907 1284 1115 1368 facoltatione,
1135 1291 1163 1350 et
1180 1287 1262 1351 nihii
1278 1287 1399 1368 profeci

245 1396 359 1476 utpote
379 1413 397 1458 a
416 1412 506 1460 soors
530 1391 688 1475 scriptura
712 1393 814 1458 aliens
834 1393 952 1458 litteris
977 1393 1116 1458 diduoiis
1138 1413 1200 1458 nou
1220 1398 1307 1458 oraui
1325 1394 1397 1458 sori·

245 1499 361 1565 bonde.

291 1607 353 1672 Hie
377 1607 445 1675 illio
468 1609 590 1672 tortum
615 1607 702 1670 LXX
725 1626 743 1670 a
768 1606 920 1691 Gregorio
945 1608 1104 1670 mutatum
1133 1605 1234 1671 denuo
1262 1607 1400 1670 mutauit

246 1713 397 1780 Rufinus:

602 1923 689 1988 ixx
713 1921 808 2009 (Agg.
833 1925 863 2004 2,
890 1921 1050 2008 11-13):

295 2063 370 2126 τάδε
398 2063 483 2149 λέγει
510 2066 615 2148 κύριος
643 2065 877 2148 παντοκράτωρ·
906 2063 1103 2149 ἐπερώτησον
1130 2062 1169 2148 δή
1205 2067 1276 2139 τοὺς
1312 2063 1401 2147 ἱερεῖς

250 2169 345 2254 νόμον
369 2169 479 2254 λέγων·
504 2172 557 2234 ἐὰν
581 2171 663 2256 λάβη
687 2171 857 2256 ἄνθρωπος
880 2170 975 2255 κρέας
998 2173 1086 2254 ἀγτον
1113 2171 1211 2254 ἐντῷ
1236 2174 1323 2254 ἄκρῳ
1349 2179 1401 2232 τοῦ

252 2275 373 2361 ἱματίου
397 2279 492 2340 αὐτοῦ
515 2280 568 2341 καί
596 2278 712 2363 ἅψηται
741 2281 775 2342 τὸ
799 2281 898 2362 ἀκρον
920 2287 974 2342 τοῦ
1002 2277 1120 2362 ἱματίου
1145 2279 1238 2340 αὐτοῦ
1262 2280 1355 2360 ἄρτου
1378 2279 1400 2361 ή

252 2381 406 2467 ἑψέματος
423 2385 444 2467 ή
462 2386 545 2448 οἴνου
567 2388 589 2470 ή
611 2383 718 2448 ἐλαίου
741 2387 763 2469 ή
784 2386 900 2460 παντὸς
920 2377 1090 2470 βρώματος,
1110 2379 1136 2446 εἰ
1160 2382 1401 2467 οἱγτασθήσεται;

252 2491 306 2552 καί
330 2490 546 2575 ἀπεκρίθησαν
570 2491 598 2554 οἱ
622 2490 711 2575 ἱερεῖς
735 2493 789 2554 καί
812 2492 900 2554 είπαν
924 2493 968 2553 οὔ.
992 2493 1045 2552 καί
1068 2491 1150 2555 εἱπεν
1169 2487 1327 2574 Ἀγγαῖος·
1346 2490 1399 2553 ἐὰν

254 2596 369 2681 ἅψηται
392 2596 596 2682 μεμιασμένος
625 2597 810 2682 ἀκάθαρτος
833 2598 883 2659 ἐπὶ
906 2597 990 2681 ψυχή
1014 2597 1064 2659 ἐπὶ
1091 2598 1206 2672 παντὸς
1228 2597 1352 2678 τούτων,
1375 2595 1403 2657 εἰ

254 2702 472 2788 μιανθήσετατ;
496 2707 548 2768 καί
572 2705 793 2789 ἀπεκρίθησαν
821 2703 849 2767 οἱ
877 2704 965 2788 ἱερεῖς
992 2705 1045 2766 καί
1069 2704 1165 2768 είπαν·
1189 2701 1402 2788 μιανθήσεταν.

323 2969 532 3055 Gregorius
557 2971 615 3058 (or.
635 2972 668 3036 Π
688 2969 759 3055 11):
944 2967 1105 3032 Rufinus
1129 2985 1159 3048 p.
1184 2967 1235 3042 15,
1258 2967 1312 3029 12:

301 3117 355 3178 καί
382 3115 474 3180 τοῦτο
502 3117 583 3178 ἐστιν
607 3116 624 3177 θ
650 3134 701 3196 μοι
724 3112 813 3174 δοκεῖ
899 3115 928 3172 et
950 3108 1005 3172 hee
1024 3112 1068 3172 est
1086 3106 1168 3188 qnod
1185 3107 1263 3171 nn‘hi
1280 3107 1403 3170 tristetur

256 3225 310 3286 καί
338 3225 354 3286 ὁ
386 3223 622 3307 μακαριώτατος
657 3217 807 3304 Ἀγγαῖος
853 3219 948 3281 etiene
975 3216 1083 3279 beotns
1110 3213 1258 3298 Αρροοαε
1285 3211 1402 3276 intelle·

257 3330 453 3414 κατανοήσας
475 3331 525 3392 ἐπί
552 3330 607 3412 τήν
631 3323 809 3408 θαυμασίαν
853 3342 929 3405 ραι-ς
951 3319 1180 3384 admirandum
1202 3319 1290 3382 itione
1307 3321 1403 3382 intro-

258 3437 376 3523 ἐκείνην
394 3437 499 3501 ἐλθεῖν
519 3438 571 3500 καὶ
590 3431 809 3518 ἀληθεστάτην
856 3429 983 3494 cinxisse
1009 3429 1260 3510 percontationis
1291 3428 1401 3509 innuet·

258 3545 371 3609 εἰκόνα·
396 3544 573 3629 ἐρωτήσατε
596 3542 684 3625 ἱερεῖς
703 3540 807 3625 νόμον,
852 3557 932 3614 nem,
975 3556 1045 3600 enen
1085 3534 1129 3599 eei
1165 3555 1233 3597 enm
1274 3532 1402 3596 dicitnr:

258 3651 368 3734 λέγων·
387 3653 414 3714 εἰ
432 3650 525 3733 κρέας
544 3653 632 3734 ἀγιον
652 3649 683 3712 ἐν
702 3647 811 3733 ἱματίῳ
856 3644 1052 3724 interrogea
1069 3640 1279 3705 sacerdotes
1295 3639 1404 3721 lenens

261 3759 380 3844 βρωτοῦ
399 3777 478 3830 τινος
495 3760 516 3841 ή
534 3765 630 3820 ποτοῦ
644 3758 665 3840 ή
680 3755 810 3829 σκεύους
856 3756 888 3816 et
911 3750 971 3813 die
994 3751 1063 3813 eis:
1084 3749 1114 3812 si
1136 3767 1208 3811 noro
1226 3750 1336 3811 saneta
1357 3745 1404 3808 nel

261 3865 418 3949 ἁψάμενον
432 3863 526 3938 εὐθὺς
545 3863 667 3945 ἀγιάσετ
685 3865 720 3926 τὸ
735 3861 809 3945 πλη·
856 3879 916 3922 nos
933 3860 1077 3922 senetnne
1095 3854 1255 3936 contineret
1273 3853 1404 3916 alienius

261 3972 381 4036 σιοίσαν·
413 3977 474 4032 τῶν
511 3969 546 4030 δὲ
582 3967 810 4051 ἀπορησάντων
855 3967 1083 4043 nestirnentnrn,
1101 3961 1131 4024 se‘
1147 3958 1324 4040 sanctificet
1338 3979 1404 4021 enen

262 4075 438 4162 ἐρωτήσατε
470 4074 562 4137 πάλιν
594 4075 621 4136 εἱ
650 4075 703 4136 καὶ
736 4075 811 4136 ἀκα-
857 4095 894 4136 ee
917 4091 951 4136 eo
981 4067 1064 4151 qnod
1092 4067 1241 4148 eontinet?
1271 4069 1303 4130 et
1330 4085 1404 4128 enen

262 4183 381 4268 θαρσίᾳ
395 4183 510 4247 τούτων
525 4203 553 4246 τι
566 4181 812 4266 προσομιλήσαν,
857 4180 1048 4243 dixissent
1075 4173 1287 4240 sacerdotes
1320 4175 1404 4253 qrein

263 4296 304 4379 μή
341 4299 534 4374 παραχρῆμα
571 4288 722 4374 μετέλαβε
758 4287 812 4352 τ”οῠ
858 4307 930 4351 non
962 4282 1197 4362 sanctificet,
1230 4280 1324 4343 dien
1360 4277 1404 4340 ud
