3258 4980
208 473 274 536 272
725 467 836 524 Rufini

165 670 181 722 3
209 683 334 732 rursum
350 664 432 730 inter
446 683 502 731 uos
516 663 647 730 uideant
660 663 831 730 cortamina
845 663 1059 730 commoneri?
1075 663 1153 728 haec
1166 661 1257 728 nobis
1268 682 1355 746 prae·

211 773 276 838 stat
300 788 379 854 qnae
401 769 483 838 inter
505 788 562 834 nos
583 771 632 834 est
649 769 712 836 ista
736 770 905 851 contentio,
927 770 989 835 hoc
1011 769 1103 835 nobis
1126 771 1267 853 praestat
1290 789 1355 834 cer-

210 880 316 944 tamen
330 895 386 958 pro
401 875 498 942 uuerbe
513 876 606 940 aliter
620 894 715 960 qnam
729 877 836 958 placet
849 876 912 958 ipsi
925 876 1021 941 uerbo
1034 875 1202 958 prolatum.
1216 877 1357 959 patimur

211 982 348 1066 quodam
367 981 461 1048 modo
481 981 514 1046 id
532 981 616 1064 qnod
635 982 799 1064 patiuntur
812 981 924 1062 insani,
939 983 993 1065 qni
1008 981 1118 1048 domos
1132 982 1273 1065 proprias
1288 982 1355 1047 suis

211 1089 356 1154 manibus
369 1089 543 1154 incendunt
556 1089 608 1154 uel
624 1107 699 1156 suos
714 1089 797 1155 filios
811 1089 961 1173 iugulant
975 1092 1030 1154 aut
1043 1089 1357 1171 parentesrepellunt
1389 1107 1405 1151 ο

211 1199 361 1280 putantes
381 1196 512 1262 alienos.
986 1221 989 1228 ·

258 1305 287 1368 7.
317 1301 399 1382 Quia
426 1322 500 1388 ergo
528 1303 743 1370 destruximus
771 1322 808 1368 ea
836 1321 915 1386 qnae
939 1303 1042 1368 ahena
1065 1306 1140 1368 snut
1163 1322 1181 1366 a
1203 1303 1357 1388 religione

212 1410 302 1476 uerbi
312 1409 362 1474 dei
372 1413 404 1477 et
413 1410 445 1474 in
455 1428 584 1493 gregem
594 1429 759 1494 porcorum
770 1410 939 1474 reiecimus
950 1410 1178 1476 multiformem
1187 1410 1357 1496 legionem,

212 1537 292 1600 qnae
312 1523 345 1582 st
361 1517 568 1602 praecipitata
586 1521 636 1586 est
653 1517 685 1583 iu
704 1517 906 1601 profundum,
925 1537 1008 1582 nnnc
1032 1517 1117 1600 qnod
1137 1517 1176 1582 ad
1194 1537 1251 1584 nos
1269 1518 1358 1600 ipsos

213 1624 350 1708 pertinet
372 1623 548 1690 uideamus.
573 1624 655 1692 illud
673 1628 723 1691 est
741 1643 814 1709 ergo
835 1624 919 1708 quod
937 1625 1074 1708 primum
1095 1623 1357 1690 considerandum
1377 1639 1407 1682 1⁰

213 1736 302 1814 puto,
326 1749 478 1816 quaenam
504 1731 631 1796 sitista
657 1733 747 1796 tauta
770 1749 844 1815 erga
867 1730 935 1797 sola
958 1733 1056 1798 uerba
1078 1731 1246 1798 contentio.
1277 1749 1359 1813 quae

211 1838 339 1924 linguae
350 1837 478 1922 prurigo
490 1841 550 1914 est,
562 1856 642 1922 quae
652 1840 740 1902 tanta
749 1837 956 1920 inpatientia?
971 1839 1048 1922 qnid
1058 1839 1202 1921 estquod
1212 1838 1358 1903 manibus

214 1945 364 2010 adtractis
383 1948 416 2010 et
434 1943 603 2030 conligatis
621 1945 749 2030 linguae
770 1945 871 2012 solius
890 1964 984 2029 opera
1002 1949 1035 2010 et
1049 1965 1134 2010 arma
1147 1944 1359 2029 proterimus?

214 2052 355 2116 caritatis
375 2050 518 2115 studium
537 2055 651 2129 cessat,
672 2051 831 2116 castitatis
846 2052 1041 2136 uirginitatis
1056 2052 1290 2118 misericordiae
1304 2055 1362 2116 aut

215 2158 306 2224 deest
324 2161 389 2234 ent,
409 2158 437 2222 si
456 2161 488 2222 et
506 2157 550 2221 sit
567 2158 598 2222 iu
618 2158 791 2240 aliquibus,
811 2160 865 2224 nel
882 2177 987 2223 rarum
1007 2164 1056 2224 est
1070 2160 1124 2224 uel
1137 2160 1243 2224 minus
1257 2159 1358 2242 uiget.
1379 2173 1408 2232 ιο,

170 2274 186 2324 2
214 2283 275 2330 non
302 2269 352 2328 est
379 2265 468 2328 tanta
495 2282 569 2328 cum
591 2264 759 2348 psallendi,
782 2284 844 2330 uon
866 2265 1062 2350 uigiliarum,
1086 2285 1146 2330 nou
1170 2267 1359 2345 orationum,

215 2391 276 2436 uon
304 2371 336 2434 io
365 2369 636 2436 obsecrationibus
664 2371 759 2438 flendi
787 2372 940 2448 studium,
969 2391 1029 2437 non
1055 2391 1168 2456 corpus
1193 2373 1361 2438 humiliare

215 2477 352 2556 ieiuniis,
371 2497 432 2545 non
451 2497 506 2562 per
524 2479 678 2543 intentam
697 2478 872 2546 orationem
890 2479 1058 2546 ascendere
1078 2479 1225 2544 addeum
1240 2517 1284 2526 -
1299 2498 1361 2546 nou

215 2604 295 2670 quae
320 2585 476 2650 deteriora
498 2588 573 2650 sunt
595 2583 781 2650 melioribus
804 2584 978 2668 iungimus,
999 2585 1112 2650 limum
1132 2584 1202 2650 dico
1223 2585 1360 2668 spiritui,

215 2711 275 2760 noo
299 2692 538 2758 meditationem
561 2691 673 2758 mortis
696 2691 851 2758 habemus
874 2692 904 2755 in
929 2691 1007 2770 uita,
1026 2710 1087 2756 oon
1106 2691 1307 2756 accendimur·
1324 2695 1362 2755 ut
1379 2707 1409 2750 ao

216 2798 305 2863 uitiis
320 2798 518 2864 dominemur
532 2815 687 2863 memores
702 2816 855 2882 supernae
870 2798 1068 2882 cognationis
1083 2833 1136 2878 -,
1153 2815 1213 2862 non
1223 2798 1361 2862 furorem

216 2905 343 2970 uincere
365 2905 419 2970 uel
441 2903 636 2969 iracundiam
660 2903 816 2980 cohibere,
839 2922 901 2968 non
925 2903 1142 2987 adrogantiam
1165 2903 1286 2968 deicere
1310 2903 1363 2968 uel

216 3010 469 3076 inrationabilem
488 3010 650 3076 tristitiam
671 3010 838 3096 depellere,
858 3029 918 3076 uon
933 3010 1096 3075 libidinem
1117 3010 1282 3090 refrenare,
1301 3028 1362 3082 uon

215 3118 299 3182 risus
331 3117 617 3199 intemperantiam,
650 3135 710 3182 non
739 3117 903 3182 oculorum
931 3116 1097 3182 lasciuiam
1124 3134 1275 3196 resecare,
1302 3134 1363 3181 non

217 3225 347 3290 auditus
369 3225 655 3307 intemperantiam,
679 3242 738 3289 uon
762 3222 1043 3289 inmoderationem
1068 3223 1170 3302 uerbi,
1192 3242 1251 3288 non
1275 3223 1362 3320 ueni·
1381 3239 1411 3282 aa

216 3335 316 3398 tatem
345 3330 574 3414 cogitationum
601 3328 769 3394 retundere
793 3330 845 3392 uel
870 3347 977 3394 carum
1001 3347 1079 3410 quas
1105 3328 1195 3394 nobis
1220 3328 1364 3414 suggerit

217 3439 366 3504 inimicus
391 3438 443 3502 nel
467 3456 545 3520 quas
569 3437 638 3518 ipse
662 3436 748 3521 capit
771 3455 806 3500 er
825 3435 926 3512 uobis,
947 3437 1117 3522 exquibus
1137 3437 1259 3518 ntique,
1279 3436 1365 3504 siout

218 3546 374 3628 scriptura
402 3545 489 3619 dicit,
518 3563 573 3626 per
600 3544 778 3625 corporales
806 3562 920 3607 seusus
943 3546 1106 3624 tamquam
1131 3561 1186 3626 per
1208 3543 1363 3606 fenestras

306 3649 323 3702 8
343 3648 376 3704 cl'.
395 3649 460 3706 Luc.
480 3649 505 3717 8,
525 3647 631 3702 30-33
688 3647 722 3700 28
743 3646 776 3700 cf.
796 3646 871 3700 Hier.
891 3647 916 3714 9,
936 3647 968 3699 21
1063 3693 1064 3698 ,

254 3753 883 3825 1uideant]debeant00‚apao.aee.e'aO
924 3754 1043 3808 2hecn
1078 3752 1250 3808 ldomnsO
1288 3751 1363 3806 ldi-

218 3846 408 3904 strnximusO
479 3843 663 3914 relegioneO
717 3841 987 3900 SmnltiformaruO
1057 3843 1194 3912 legionem
1213 3841 1363 3916 (legamuass

217 3937 382 4007 relegionem
404 3933 604 4004 Oreligionern
623 3933 660 3988 Co
696 3934 712 3988 9
732 3931 767 3986 ad
785 3950 834 3986 nos
852 3933 926 4002 ipsos
946 3935 1020 4002 (πρὸς
1038 3933 1108 4004 ἡμᾶς
1129 3931 1234 3998 αὐτοὺς)
1253 3930 1365 4000 Vipsos

218 4044 268 4082 om.
292 4025 343 4079 00
382 4025 415 4081 10
435 4029 477 4078 est
496 4023 594 4078 ouaV
649 4023 778 4092 primoV
819 4024 852 4076 12
871 4024 978 4091 prorigo
997 4021 1045 4076 00
1097 4021 1260 4100 inpatientia
1281 4030 1322 4074 est
1342 4019 1367 4071 V

220 4117 251 4169 13
272 4115 418 4170 adtrahitis
439 4112 488 4168 00
571 4111 708 4181 proderitis
727 4115 796 4180 (mus
815 4129 837 4166 a.
856 4113 903 4176 tis)
928 4110 950 4164 0
1018 4111 1050 4165 15
1071 4117 1098 4163 et
1117 4111 1166 4164 siet
1188 4109 1320 4164 Oadsint
1342 4110 1367 4162 0

219 4203 352 4273 paran
388 4202 589 4256 liburnilarec
627 4202 660 4255 18
675 4199 815 4254 ieieniisO
854 4200 885 4256 19
900 4197 1095 4254 mulieribusO
1132 4195 1366 4265 20aocendimnr]

219 4295 383 4362 accingimur
401 4293 510 4346 mauult
527 4291 707 4360 Enpelbrecbt
769 4291 801 4342 21
823 4289 991 4358 cognationis
1012 4293 1070 4360 (τῆς
1091 4285 1194 4339 ἄνωθεν
1214 4283 1368 4358 θογενείαςη

220 4381 395 4449 cogitationis
419 4380 458 4431 Vn
477 4379 658 4447 cogitationes
681 4379 704 4431 (J
756 4380 789 4431 28
809 4394 901 4430 sensos
923 4379 945 4431 Ο
