3194 4982
258 329 321 394 150
774 325 890 380 Rufini

254 521 330 598 ritu,
359 523 390 585 et
417 519 703 604 pronuntiationem
733 520 825 586 uobis
853 539 911 586 nos
940 519 1150 585 concedemus
1178 523 1279 586 uocis.
1313 522 1401 585 confi-

254 627 366 692 temini
389 629 534 692 naturam
559 626 674 707 quibus
699 626 800 690 uultis
823 626 894 690 aliis
914 626 1058 704 uocibus,
1083 645 1178 708 quom
1197 628 1300 692 uultis
1320 647 1402 692 uere-

253 733 366 808 cunde,
400 751 495 814 quam
529 733 629 797 uultis
661 731 799 798 infirmo:
832 734 999 816 patiemur,
1032 732 1129 798 immo
1163 737 1195 796 et
1222 734 1402 799 curabimus

252 840 470 905 infirmitatem
489 843 641 918 uestram,
662 839 918 922 extorquebimus
936 840 1028 905 nobis
1048 845 1080 905 et
1093 841 1271 904 durabimur
1285 841 1404 923 aliquid
1456 909 1457 912 ,

254 945 409 1011 desiderio
430 949 551 1023 nostum
570 946 677 1010 minus
697 945 818 1028 aliquid
837 947 899 1010 dici
919 965 937 1010 a
955 947 1048 1012 uobis
1067 946 1234 1030 potiemur,
1256 948 1284 1011 si
1299 950 1403 1011 tamen
1429 966 1440 1008 s

209 1059 226 1110 5
254 1051 394 1117 sciamus
417 1051 496 1115 nibil
519 1051 623 1116 minus
648 1052 741 1115 credi.
773 1070 963 1135 quamquain
989 1055 1021 1116 o!
1046 1053 1241 1117 ——foedum
1266 1053 1350 1118 enim
1375 1057 1404 1117 et

254 1177 329 1222 uere
348 1157 476 1222 foedum
496 1162 545 1224 est
564 1160 596 1222 et
614 1159 843 1240 perabsurdum
862 1162 965 1223 mente
985 1163 1017 1224 et
1036 1160 1140 1225 animo
1156 1178 1269 1224 sanum
1285 1179 1404 1243 sapere,

201 1245 205 1254 ’
254 1264 412 1349 trepidare
440 1267 546 1329 autem
576 1270 608 1330 et
635 1264 786 1329 infirmari
815 1266 897 1330 circa
926 1284 1038 1330 sonum
1066 1264 1156 1329 uocis
1186 1268 1218 1328 et
1246 1266 1405 1329 occultare

254 1371 439 1435 thesaurum
469 1371 560 1436 uelut
587 1371 657 1436 aliis
680 1371 876 1436 insidentem
904 1375 946 1448 et,
970 1390 1042 1434 cum
1066 1389 1156 1436 mens
1179 1370 1232 1452 pia
1257 1371 1300 1436 sit
1324 1373 1405 1436 nolte

254 1476 1406 1560 etiamlinguamsanctificareconfessionepietatis3sedquidagimus?-
1421 1497 1442 1541 ro

255 1587 348 1665 turpe
382 1587 431 1648 est
464 1588 496 1648 et
523 1584 613 1648 nobis
641 1584 674 1648 id
703 1603 795 1668 agere
824 1585 908 1666 quod
936 1584 1016 1648 alios
1045 1585 1228 1649 incusamus
1261 1589 1305 1662 et,
1335 1604 1405 1648 cum

254 1688 327 1754 illos
352 1691 518 1773 culpemus
543 1691 573 1755 in
597 1691 667 1772 ipsa
691 1691 817 1772 pietatis
842 1691 1040 1756 confessione
1060 1695 1213 1774 angustos
1238 1695 1270 1754 et
1293 1692 1405 1756 micro-

253 1795 346 1880 logos
375 1797 529 1879 quosdam
559 1801 591 1861 et
618 1797 713 1861 nimis
740 1815 862 1878 parcos,
892 1816 948 1862 nos
978 1816 1102 1879 quoqne
1131 1797 1251 1861 eisdem
1280 1803 1405 1862 nosmet

254 1903 343 1988 ipsos
368 1905 523 1988 angustiis
549 1907 735 1968 constamus.

300 2011 330 2074 8.
356 2009 456 2076 Unius
478 2011 616 2088 deitatis,
636 2029 754 2092 quaeso
773 2027 844 2087 uos,
864 2009 1056 2074 confitemini
1074 2010 1259 2075 trinitatem.
1283 2012 1310 2075 si
1330 2031 1404 2076 uero
1422 2032 1443 2074 n

255 2119 347 2182 aliter
365 2119 477 2194 uultis,
498 2118 593 2183 dicite
613 2118 706 2182 unius
727 2137 797 2182 esse
816 2121 956 2193 naturae,
977 2121 1008 2181 et
1028 2117 1078 2181 dei
1097 2135 1209 2182 nocem
1230 2119 1297 2182 dari
1311 2120 1404 2184 uobis

256 2243 275 2287 a
303 2227 411 2288 sancto
441 2225 554 2306 spiritu
584 2223 831 2307 deprecabimur.
861 2223 949 2288 dabit
976 2223 1069 2298 enim,
1099 2227 1205 2289 certus
1233 2244 1320 2301 sum;
1351 2226 1404 2308 qni

256 2328 344 2393 dedit
367 2329 451 2411 quod
474 2331 611 2412 primum
634 2333 685 2394 est
708 2329 796 2396 dabit
814 2333 845 2395 et
864 2328 948 2412 quod
968 2328 1141 2394 secundum
1162 2334 1219 2394 est.
1243 2332 1298 2411 qui
1318 2331 1404 2395 dedit

255 2435 381 2501 credere
410 2436 498 2500 dabit
526 2439 557 2500 et
584 2437 737 2514 confiteri,
765 2437 932 2519 praecipue
956 2435 984 2500 si
1006 2435 1229 2500 huiuscemodi
1253 2437 1404 2501 confessi-

255 2561 347 2607 onem
375 2542 560 2625 spiritoiiter·
585 2543 774 2608 reueremini
802 2545 835 2607 et
856 2561 916 2606 non
941 2543 1097 2607 diabolica
1119 2542 1293 2625 pertinacia
1315 2563 1401 2608 recu·
1420 2564 1443 2606 oo

211 2661 228 2713 2
256 2651 345 2716 satis.
371 2649 491 2733 aliquid
513 2651 616 2714 adhuc
640 2654 672 2716 et
695 2650 820 2733 planius
844 2654 875 2714 et
898 2636 1036 2714 breuius
1048 2649 1165 2714 dicam:
1190 2669 1290 2732 neque
1314 2646 1404 2733 (uos)

257 2777 313 2823 nos
342 2757 479 2839 culpetis
507 2757 626 2822 maiora
651 2758 682 2822 et
705 2757 860 2820 diuiniora
884 2755 1108 2839 proloquentes
1133 2775 1297 2839 ——neque
1322 2757 1403 2822 enim

349 2948 381 3002 15
406 2947 548 3004 Unius-l.
567 2948 598 3001 19
618 2947 697 3002 dabit
716 2951 741 3002 et
760 2946 894 3016 confitere]
915 2945 949 3000 cf.
968 2947 1117 3016 Augustini
1136 2946 1168 3002 de
1189 2947 1259 3001 dono
1278 2965 1404 3017 perseue-

258 3038 362 3092 rantiae
383 3038 424 3100 19,
444 3037 580 3104 49111111
602 3038 670 3091 1024
691 3054 730 3106 sq.
750 3037 788 3101 M)

296 3163 308 3215 l
330 3159 506 3214 concedemus
525 3161 664 3232 (δώσομεν)
688 3160 798 3214 Wrobel
818 3159 988 3214 concedimus
1007 3161 1084 3214 codd.
1103 3177 1119 3214 o
1186 3162 1405 3230 auctoramus

256 3265 278 3303 a.
299 3251 328 3314 1.)
351 3248 373 3301 O
427 3249 542 3303 tnesis
561 3249 639 3302 codd.
660 3265 752 3302 omnes
815 3251 831 3303 6
851 3265 1013 3318 quamquam
1034 3249 1059 3318 o}
1081 3265 1160 3318 quam
1180 3249 1253 3319 quod
1271 3251 1360 3304 omnis
1379 3254 1404 3302 A

258 3343 273 3391 ό
298 3339 320 3390 0
338 3338 414 3404 (odd.
435 3338 603 3407 parenthesis
622 3339 654 3391 in
671 3339 741 3406 my).
761 3354 831 3392 cras.
856 3338 881 3390 V
985 3337 1001 3390 8
1021 3337 1157 3407 trepidare
1176 3341 1225 3392 ant
1242 3339 1373 3393 infirmari
1390 3357 1405 3393 o

257 3426 437 3481 infirmareO
540 3425 742 3490 boccuitareO
832 3427 1043 3490 9thensaurum
1063 3426 1090 3480 R
1187 3427 1272 3496 nolle]
1292 3427 1360 3482 tolle
1384 3428 1409 3480 V

260 3517 293 3571 10
313 3516 508 3570 confessionem
532 3515 606 3570 Ocno.
694 3515 725 3568 11
747 3517 775 3567 et
795 3514 955 3568 antenobis
974 3514 1075 3567 om.V
1156 3515 1189 3568 12
1208 3514 1347 3584 culpamus
1370 3516 1406 3570 Cu

259 3603 945 3675 θ1ιιιίοιοΙοςοι(μικρολογεῖσθαιΗί,οιιι.οει.ιι
987 3604 1019 3657 13
1039 3600 1148 3672 quidem
1171 3602 1271 3672 Op.c.‚u
1310 3606 1342 3658 14
1361 3623 1406 3659 co·

258 3698 378 3748 autumus
397 3693 425 3746 R
444 3697 595 3747 coartamur
618 3693 642 3745 V
660 3695 812 3746 coartemus
831 3699 879 3746 cet.
898 3709 914 3746 u
978 3693 1010 3747 16
1029 3691 1123 3746 taliter
1140 3708 1157 3746 o
1233 3693 1277 3748 dei
1295 3711 1348 3748 orn.
1369 3695 1406 3749 Cu

259 3783 326 3838 deus
344 3783 461 3853 Aepust.
535 3781 592 3836 dari
611 3782 645 3849 (ri
663 3797 684 3835 a.
704 3782 733 3851 l.)
752 3782 780 3837 R
799 3780 903 3836 dareA
954 3781 986 3834 17
1007 3797 1023 3834 a
1041 3781 1139 3849 spiritu
1158 3785 1287 3837 sanctou
1360 3783 1405 3838 de-

258 3874 414 3945 precabitur
431 3873 548 3941 Auprest.
670 3870 724 3936 Qui
743 3871 819 3925 dedit
838 3871 945 3925 credere
965 3870 1088 3924 dubitet
1107 3870 1238 3926 confiteri.
1258 3871 1312 3937 Qui
1330 3873 1408 3928 dedit

258 3963 332 4032 quod
351 3963 467 4032 primum
487 3965 528 4014 cst
548 3961 624 4014 dabit
643 3959 716 4029 quod
735 3964 763 4014 et
781 3959 928 4015 secundum
948 3963 991 4014 est
1008 3961 1034 4013 A
1144 3961 1177 4014 18
1197 3959 1275 4026 dabit
1299 3964 1359 4029 (sic)
1380 3964 1407 4019 R

258 4056 286 4105 et
306 4050 388 4120 quod]
409 4049 481 4118 qnod
501 4053 528 4102 et
550 4047 600 4101 OA
656 4050 689 4102 19
709 4051 852 4104 sternit
906 4047 1122 4103 huiusmodiR'
1154 4046 1409 4105 2οιοιιειίιιιίιι111

258 4141 379 4194 zabolica
402 4137 424 4191 O
447 4137 569 4191 zabulico
586 4139 614 4192 A
717 4138 749 4190 21
771 4154 858 4207 neque
878 4154 926 4191 uos
944 4155 993 4191 nos
1013 4138 1128 4207 culpatis
1147 4137 1222 4208 (μήτε
1243 4139 1315 4210 ὑμεῖς
1333 4140 1406 4212 ἡμᾶς

259 4227 399 4297 sostenes)
419 4227 602 4294 Enpeibrecbt
621 4242 707 4295 neque
726 4243 774 4279 nos
795 4227 911 4296 culpatis
930 4227 1008 4280 codd.
1027 4243 1043 4281 o
