3214 4988
268 455 311 520 36
785 449 901 506 Rufini

267 648 436 727 oouoeptas
459 644 599 712 malitiae
622 645 740 710 formas
764 645 858 711 eorde
877 643 1053 723 detrudere,
1078 648 1148 710 tum
1167 643 1279 710 deiude
1298 645 1416 711 bouita-

267 753 309 818 tis
332 751 504 837 imaginem
527 752 686 818 uirtutum
710 752 790 818 eeris
813 751 1011 818 uariautibus
1039 752 1218 830 reformare,
1247 756 1294 832 ut,
1325 772 1416 836 quam

266 862 451 926 multasse
483 858 626 925 diuersae
658 859 783 925 inerant
812 860 845 924 iu
879 859 983 925 anima
1016 859 1138 943 speeies
1171 859 1415 942 deprauatiouis,

266 971 332 1031 tam
355 968 476 1033 multae
500 966 565 1031 aiut
588 969 620 1031 et
642 965 736 1031 restit
759 965 868 1032 tionis.
897 983 1032 1050 quorum
1056 966 1197 1032 omnium
1222 965 1356 1033 seientia
1382 985 1416 1032 ae

267 1073 434 1157 disoiplina
460 1073 569 1158 uigere
596 1073 691 1138 debet
722 1072 806 1156 apud
838 1092 922 1152 eum,
955 1073 1007 1138 oui
1039 1072 1215 1139 animarum
1247 1073 1415 1140 institues·
1443 1093 1455 1134 e

267 1179 377 1244 darum
400 1197 476 1246 eura
503 1178 723 1245 committitur.
752 1197 788 1244 ex
816 1178 932 1262 quibus
959 1197 1017 1244 nos
1046 1199 1141 1263 quam
1168 1179 1308 1261 plurima
1335 1199 1416 1246 uuue

266 1285 433 1352 breuitatis
457 1285 563 1352 studio
587 1285 882 1369 praetermittimus.

311 1394 364 1457 44.
398 1391 490 1458 Sicut
517 1393 601 1458 euim
628 1392 718 1458 uerbi
746 1393 858 1478 gratia,
891 1392 919 1459 si
945 1392 1014 1458 fieri
1039 1397 1149 1476 posset
1176 1398 1214 1461 ut
1241 1413 1278 1460 ex
1305 1395 1415 1460 multis

266 1499 456 1566 animalibus
481 1519 516 1566 ao
542 1499 688 1566 bestiolis
716 1518 829 1584 gauere
858 1519 894 1566 ae
922 1500 1028 1584 speeie
1056 1500 1203 1579 diuersis,
1231 1499 1357 1586 maguis
1386 1503 1416 1566 et

266 1606 399 1691 exiguis,
426 1606 635 1672 ferocioribus
660 1609 692 1671 et
714 1605 905 1686 mitioribus,
935 1607 1147 1692 asperioribus
1171 1611 1204 1674 et
1229 1607 1455 1686 leuioribus,1r

265 1732 364 1778 uuum
392 1713 521 1797 aliquod
549 1713 666 1780 animal
692 1713 745 1780 uel
771 1713 875 1779 bestia
902 1734 965 1780 una
992 1717 1163 1794 eoustaret,
1194 1715 1273 1780 haee
1305 1717 1415 1799 utique

265 1818 306 1884 ad
328 1821 539 1906 mitigandum
564 1821 593 1886 si
616 1820 667 1886 eui
691 1820 881 1899 eraderetur,
906 1826 1060 1904 quantum
1079 1823 1108 1887 ei
1126 1821 1295 1891 inmineret
1313 1824 1414 1908 operis

266 1945 303 1992 ae
323 1925 453 2005 laboris,
477 1929 630 2008 quantum
654 1926 723 1992 eius
746 1927 958 2010 requireretur
979 1927 1164 2007 industriae,
1188 1931 1226 1994 ιιι
1243 1929 1415 2015 uuicuique

265 2033 440 2100 bestiamm
468 2034 520 2098 uel
549 2033 744 2111 animalium,
776 2037 872 2116 prout
899 2051 968 2099 mos
1001 2034 1100 2118 exigit
1131 2035 1333 2120 singulorum
1364 2034 1416 2101 uel

265 2143 360 2226 prout
381 2143 495 2207 natura
511 2140 625 2223 poseit,
650 2143 842 2206 occurreret!
868 2141 1016 2224 queniam
1037 2141 1166 2224 quidem
1184 2161 1287 2226 ueque
1306 2143 1412 2208 eadem
1431 2161 1456 2205 rs

265 2267 328 2314 uox
355 2249 429 2331 apta
461 2249 511 2312 est
542 2247 689 2312 omuibus
721 2265 824 2332 neque
857 2247 986 2328 eisdem,
1019 2251 1057 2312 ut
1088 2249 1134 2314 ita
1165 2248 1280 2330 dicam,
1313 2249 1415 2316 sibilis

220 2362 237 2418 2
266 2356 415 2440 aguntur.
443 2353 499 2418 sed
528 2372 566 2418 ne
595 2353 685 2420 ribus
714 2354 844 2437 quidem
871 2355 995 2422 eunetis
1024 2374 1105 2420 uuus
1133 2359 1229 2440 atque
1255 2356 1340 2421 idem
1367 2360 1416 2424 est

265 2479 323 2528 neo
345 2459 494 2544 palpandi
517 2479 553 2525 ao
575 2460 705 2527 fouendi
727 2481 797 2528 mos
820 2481 904 2528 uuus
924 2465 974 2530 est
992 2463 1115 2542 bestiis,
1139 2463 1185 2530 ita
1203 2466 1241 2529 ut
1257 2464 1415 2531 interdum

265 2568 391 2650 hisdem
413 2568 493 2652 ipsis
516 2568 633 2651 quibus
656 2570 845 2656 mitigantur
868 2570 947 2637 aliae
975 2569 1014 2636 ad
1042 2571 1182 2636 furorem
1210 2571 1289 2636 aliae
1317 2569 1416 2637 susei-

264 2677 381 2742 teutur.
406 2675 522 2759 quibus
547 2694 621 2760 ergo
646 2694 681 2742 se
699 2676 804 2741 modis
824 2676 960 2761 siugulis
980 2676 1160 2760 quibusque
1179 2677 1301 2744 bestiae
1320 2677 1414 2743 huius
1432 2695 1458 2740 ao
1568 2669 1569 2676 ’

263 2782 319 2848 ille
343 2782 484 2848 eruditor
507 2783 650 2867 aptabit?
680 2782 838 2865 quomodo
863 2803 897 2848 se
921 2783 961 2849 ad
990 2783 1245 2868 uniuscuiusque
1272 2787 1415 2850 naturam

264 2891 359 2972 atque
386 2888 551 2974 ingenium
579 2888 816 2954 eommodabit?
848 2907 948 2956 noune
976 2908 1106 2956 neeesse
1134 2891 1194 2956 erit
1226 2909 1311 2971 eum,
1343 2910 1414 2958 eum

265 2996 310 3062 sit
331 2995 416 3078 apud
439 2998 541 3061 semet
562 2995 671 3079 ipsum
695 2996 830 3079 simplex
853 2999 886 3062 et
913 2999 1072 3076 constans,
1100 3000 1167 3062 tam
1195 2997 1264 3064 fieri
1290 2998 1415 3065 uarium

264 3105 298 3168 et
328 3105 394 3168 tam
426 3101 458 3166 iu
491 3101 617 3168 diuersa
648 3103 836 3169 mutabilem
868 3123 962 3187 qnam
998 3104 1104 3187 possit
1138 3103 1211 3186 ipsa
1247 3103 1415 3171 diuersitas

264 3209 451 3285 bestiarum,
488 3213 525 3275 ut
555 3210 805 3294 unumquodque
838 3211 955 3278 animal
985 3231 1042 3296 pro
1074 3213 1205 3278 naturae
1237 3215 1269 3276 et
1297 3211 1415 3298 ingenii
1431 3227 1457 3274 u

264 3316 317 3382 sui
340 3317 555 3398 oportunitate
579 3322 716 3396 curetur,
746 3337 808 3402 quo
831 3319 935 3403 pessit
961 3319 1062 3387 totius
1089 3319 1211 3386 bestiae
1239 3338 1352 3402 eorpus
1380 3339 1415 3384 er

263 3426 353 3489 tauta
375 3423 561 3490 diuersitate
591 3425 794 3509 conpositum
821 3428 906 3492 reete
931 3426 1014 3491 iuter
1042 3444 1075 3490 se
1102 3426 1242 3492 inuitem
1269 3425 1414 3493 bestiolis

218 3545 236 3598 3
264 3529 435 3596 moderatis
459 3530 491 3594 iu
521 3549 597 3615 pare
626 3550 662 3596 ae
690 3531 921 3614 tranquillitate
948 3531 1138 3614 persistere?
1167 3531 1214 3598 ita
1241 3551 1276 3597 eu
1303 3533 1414 3598 multis

264 3657 301 3703 ao
332 3638 468 3704 diuersis
502 3640 534 3702 et
565 3637 708 3704 moribus
742 3641 774 3704 et
808 3638 927 3724 linguis
966 3641 997 3703 et
1032 3638 1287 3705 institutionibus
1325 3639 1415 3708 uelut

300 3917 439 3989 deportes
458 3933 544 3974 oreo
599 3918 678 3972 teni
697 3934 761 3972 eura
779 3934 822 3972 an.
840 3917 939 3975 iusto
987 3918 1272 3989 ipraemittimusV
1317 3920 1427 3990 Spes-¹

264 4006 347 4062 siro
450 4007 482 4061 11
502 4006 557 4077 uel]
578 4009 640 4062 eto
746 4007 779 4062 12
799 4007 983 4079 mitigandum
1002 4007 1037 4076 (ti
1055 4023 1077 4064 a.
1097 4009 1126 4076 l.)
1144 4007 1172 4064 R
1273 4007 1307 4062 14
1325 4009 1413 4078 exiget

264 4101 307 4163 (er
323 4113 346 4152 s.
365 4100 393 4166 g)
411 4095 439 4152 R
531 4096 564 4150 15
583 4097 731 4152 occurrerit
749 4096 789 4167 (re
807 4115 829 4152 a.
849 4097 879 4168 l.)
901 4096 933 4166 0,
953 4113 1039 4152 orno
1146 4097 1255 4168 quidem
1276 4114 1363 4168 noque
1382 4114 1414 4163 ea

263 4202 351 4257 usque
370 4185 399 4242 R
472 4186 503 4241 ll
523 4202 607 4241 neev
692 4186 767 4252 tibus
786 4190 810 4256 (o
829 4204 850 4242 a.
870 4187 938 4255 t)0
1021 4188 1124 4244 eunetis
1143 4203 1229 4244 omo
1303 4188 1336 4243 18
1354 4187 1421 4256 neol'

264 4277 294 4330 et
311 4274 339 4330 R
413 4274 447 4329 19
465 4275 552 4331 isdem
574 4275 612 4332 Oo
630 4276 782 4341 hisdemO
853 4277 1031 4334 alii-aliiO
1102 4279 1137 4332 22
1154 4279 1254 4348 noune]
1272 4294 1326 4333 nou
1347 4276 1413 4332 OVe

264 4365 484 4436 asprenatum
507 4365 533 4418 V
584 4367 619 4422 26
639 4366 711 4437 quod
730 4367 819 4436 poscit
838 4366 866 4435 (d
884 4371 931 4422 m2
948 4383 970 4424 s.
989 4367 1007 4421 l.
1030 4365 1063 4436 Ο)
1086 4366 1124 4423 Co
1519 4351 1523 4363 ⁸
