3204 4996
655 365 949 436 Prolegomene.
1265 370 1373 434 XXIII

225 563 316 645 πρὸς
344 558 395 644 μέ,
422 557 524 644 λέγει
552 557 687 643 κύριος.
716 558 799 644 apud
824 558 1012 644 Gregorium
1040 562 1146 624 autem
1171 565 1202 624 et
1225 559 1372 626 Rufinum

226 666 255 730 ei
278 666 356 729 haee
379 665 477 730 uerba
499 663 704 748 respondent:

276 892 485 976 Gregorius
511 890 568 977 (er.
588 891 664 957 XVI
683 893 749 974 12);
890 893 1050 958 Rufinus
1074 890 1117 978 (p.
1138 895 1212 970 249,
1233 897 1281 975 3):

269 1015 409 1094 ἐπάταξα
431 1018 509 1102 ὑμᾶς
533 1018 566 1081 ἐν
589 1016 700 1102 ἰκτέριρ
724 1019 778 1080 καὶ
861 1020 1007 1098 percussi
1029 1037 1086 1081 uos
1109 1021 1144 1082 iu
1167 1021 1322 1102 perruptae
1344 1024 1373 1082 et

224 1126 257 1189 ἐν
294 1120 433 1208 πυρώσει
469 1126 521 1187 καὶ
560 1123 774 1209 σφακελισμῷ,
820 1125 856 1186 ip
883 1123 1027 1206 rubtpirre
1050 1129 1077 1188 et
1098 1127 1134 1187 ie
1153 1125 1370 1208 seeeiietione

223 1231 376 1296 ααίοὐδέν
389 1230 494 1294 πλέον·
509 1229 627 1308 ἔξωθεν
641 1230 774 1316 ἠτέιινιο-
819 1236 849 1294 et
889 1219 970 1296 uteri
1008 1231 1139 1314 pressei.
1181 1233 1372 1296 extrinsecus

224 1357 277 1402 σεν
300 1339 379 1422 ὑμᾶς
404 1337 550 1422 μάχαιρα,
573 1339 627 1401 καὶ
650 1334 716 1400 οὐδ’
735 1336 776 1413 ὣς
821 1338 890 1400 sine
912 1335 991 1417 filiis
1014 1357 1070 1401 uos
1092 1336 1166 1418 feeit
1186 1337 1371 1420 gordinari

223 1443 434 1528 ἐπεστρέψατε
458 1446 535 1528 πρὸς
555 1443 601 1528 μέ,
620 1443 705 1528 λέγει
723 1445 775 1508 κώ·
821 1463 861 1506 ue
890 1445 936 1508 sie
967 1441 1091 1524 quidem
1122 1446 1265 1508 euertere·
1295 1447 1371 1508 estis

225 1571 298 1634 ριος.
817 1549 861 1612 ed
882 1537 939 1631 ere,
962 1549 1041 1614 dieit
1062 1551 1218 1614 domiuus.

266 1676 302 1738 In
325 1673 411 1739 LXX
434 1675 532 1738 uerba
555 1676 690 1759 πύρωσις
715 1677 746 1738 et
769 1675 889 1758 ἴκτερος
913 1675 950 1738 de
980 1674 1099 1738 morbis
1128 1673 1292 1740 hominum
1317 1676 1368 1740 ad·

222 1781 323 1846 hiberi
346 1785 600 1864 apparatusque
624 1780 780 1846 audienda
803 1784 853 1846 est
877 1781 1024 1865 Vulgata,
1049 1799 1128 1864 quae
1156 1782 1235 1846 haee
1258 1781 1368 1846 habet:

220 1889 361 1964 percussi
392 1907 449 1952 uos
479 1889 515 1950 ie
546 1893 638 1951 uento
670 1891 778 1950 urente
810 1891 838 1950 et
869 1889 905 1951 ι’νι
937 1889 1109 1970 πατρώια·
1144 1887 1228 1970 quod
1261 1892 1367 1952 autem

219 1994 376 2076 imprimis
408 1994 544 2077 πύρωσις
577 1995 672 2060 etiem
701 1994 739 2058 de
766 1993 918 2058 frumenti
950 1995 1079 2060 uredine
1112 1995 1214 2078 accipi
1244 1999 1368 2078 poterat

219 2099 276 2188 (of.
299 2101 456 2186 Vulgatae
479 2098 628 2188 textum),
651 2120 690 2166 ne
714 2121 877 2184 perperam
901 2102 1140 2186 intellegeretur
1165 2105 1267 2179 loeus,
1293 2101 1368 2168 Gre-

222 2209 329 2292 gorius
358 2210 390 2273 ἐν
418 2209 529 2294 ἰκτέριρ
557 2209 754 2290 transposuit
786 2228 802 2272 e
845 2211 897 2272 καὶ
925 2209 1128 2294 σιρανιελισμῷ
1162 2209 1200 2273 ad
1232 2208 1368 2293 πυρώσει

222 2314 344 2381 addidit
362 2315 534 2398 respiciens
553 2315 689 2380 fortasse
708 2315 814 2380 iocum
833 2315 935 2381 Leuit.
954 2319 1007 2394 26,
1031 2318 1085 2380 16:
1105 2316 1301 2401 ἐπισυστήσιο
1320 2315 1369 2399 ἐφ’

143 2421 146 2428 ’
220 2424 299 2505 ὑμᾶς
324 2423 377 2506 τὴν
400 2421 531 2506 ἀπορίαν
556 2419 610 2504 τὴν
637 2441 672 2484 τε
695 2420 802 2505 ψώραν
826 2424 879 2484 καὶ
902 2425 964 2486 τὸν
987 2424 1134 2507 ἴκτερον
1157 2425 1210 2485 καὶ
1234 2443 1367 2504 σφακε-

221 2525 436 2613 rotomago
474 2531 559 2602 τοὺς
592 2526 814 2612 ὀφθαλμοὺς
851 2530 937 2613 ὑμῶν
968 2530 1021 2590 καὶ
1053 2531 1107 2612 τὴν
1144 2528 1246 2613 ψυχὴν
1282 2531 1367 2613 ὑμῶν

219 2633 423 2719 ἐκτήκουσαν.
447 2637 542 2715 atque
567 2653 603 2698 eo
632 2635 735 2718 magis
760 2653 895 2699 errorem
920 2653 1031 2726 oauere
1054 2635 1160 2700 uoluit
1184 2634 1365 2718 Gregorius,

219 2740 304 2822 quod
326 2741 420 2824 piane
444 2741 559 2804 similis
580 2741 737 2806 sententia
756 2741 793 2805 de
812 2742 941 2825 frugum
961 2744 993 2806 et
1011 2741 1172 2806 fruetuum
1190 2739 1366 2822 perditione

218 2849 362 2912 exstabat
379 2848 411 2911 in
431 2849 561 2932 Aggaeo
582 2850 613 2926 2,
640 2849 679 2911 17
705 2845 791 2933 (18):
815 2846 981 2924 ἐπάταξα
1003 2850 1095 2934 ὑμᾶς
1118 2849 1150 2912 ἐν
1174 2846 1289 2932 ἀφορίᾳ
1312 2850 1365 2911 καὶ

218 2953 251 3018 ἐν
274 2953 491 3040 ἀνεμοιρθορὶρι
513 2957 566 3018 καὶ
585 2956 617 3018 ἐν
636 2954 761 3040 χαλάζῃ
779 2955 880 3019 πάντα
897 2957 936 3018 τά
954 2957 1033 3040 ἔργα
1054 2963 1116 3018 τών
1134 2963 1246 3039 χειρῶν
1270 2957 1364 3038 ὑμῶν,

218 3063 281 3123 καὶ
313 3063 381 3124 οὐκ
418 3059 675 3145 ἐπεστρέψατε
706 3064 797 3146 πρὸς
835 3061 886 3146 μέ,
923 3059 1025 3145 λέγει
1060 3063 1197 3146 κύριος.
1230 3061 1364 3126 Rufinus

217 3168 315 3232 uerba
339 3167 460 3232 Graeca
479 3167 518 3231 ad
538 3169 671 3232 uerbum
690 3170 798 3248 uertit,
819 3168 1086 3251 quemadmodum
1105 3169 1208 3234 faeere
1232 3170 1364 3247 solebat,

217 3274 412 3358 ubicumque
445 3275 620 3357 scripturae
651 3274 759 3340 leeum
793 3278 848 3340 aut
879 3276 1047 3358 ignorabat
1079 3279 1135 3340 aut
1170 3275 1364 3358 inuestigare

217 3381 449 3464 supersederat.
480 3382 588 3464 itaque
611 3382 763 3447 Rufinum
795 3383 827 3446 ἐν
859 3382 970 3468 ἐντέρῳ
1004 3382 1110 3447 uerbis
1142 3383 1178 3444 ι’νι
1209 3385 1363 3466 deruptae

218 3490 250 3549 et
291 3489 322 3552 ἐν
355 3487 493 3572 πυρώσει
524 3488 631 3553 uerbis
663 3489 699 3552 ιἰι
730 3489 874 3570 rutipiee
905 3490 1145 3572 interpretatum
1184 3493 1215 3554 et
1251 3509 1361 3554 uorem

216 3593 326 3676 rudtpe
358 3595 396 3659 de
429 3595 540 3661 morbo
574 3596 711 3677 quedam
743 3597 908 3661 hominum
935 3597 1180 3681 intellegendam
1209 3615 1279 3662 esse
1307 3617 1362 3679 pro

218 3703 304 3764 eerto
328 3701 508 3766 habendum
533 3701 700 3785 estquod
725 3706 831 3766 autem
856 3701 1060 3788 σιρααελισμῷ
1088 3703 1187 3767 uertit
1208 3706 1245 3768 iu
1267 3702 1363 3783 foret

216 3805 498 3890 rerumrerum,
522 3827 643 3874 nouum
667 3809 800 3873 uerbum
825 3829 841 3872 e
865 3809 986 3875 Graeco
1010 3810 1147 3892 petitum
1170 3811 1287 3874 litteris
1311 3810 1362 3874 de-

217 3911 265 3975 dit
287 3913 420 3978 Latinis.
445 3914 482 3978 de
504 3915 676 3998 insipiente
698 3914 807 3979 littera
829 3915 850 3996 f
867 3935 940 3981 eum
966 3916 1094 3984 Graecis
1115 3939 1157 4000 σψ
1181 3920 1362 3999 comparata

216 4021 405 4086 eonferenda
429 4025 503 4086 sunt
530 4021 641 4102 fellere
671 4026 703 4087 et
726 4022 885 4108 σφάλλειν,
912 4023 1015 4104 produ
1043 4026 1074 4088 et
1102 4023 1264 4108 σφενδόνη,
1279 4023 1363 4106 fides

261 4226 281 4294 1)
305 4228 349 4282 sie
373 4227 456 4283 codor
475 4228 684 4297 Alexandrinum
708 4237 837 4301 ἐπιστήσω
849 4271 854 4284 .
866 4237 974 4300 ,ἴκτεροι
993 4235 1186 4299 σφακελίζοντοι
1206 4231 1263 4286 eod.
1283 4232 1360 4286 Vati·

216 4331 307 4372 canus.
855 4330 857 4338 ’
