3214 4988
572 418 594 473 1.
613 419 856 490 Apologeticus
876 419 991 510 55-t8.
1313 424 1356 487 47

207 618 263 681 aut
287 615 383 682 etiam
408 613 543 693 axillis,
568 613 748 697 dequibus
778 616 896 681 dicitur
922 617 997 700 quia
1024 616 1216 682 inlusores
1243 616 1356 682 domi·

205 722 396 786 nabuntur
441 739 567 786 eorum
614 725 646 785 et
682 720 815 786 iuuenes
852 721 1027 804 praepositi
1063 727 1094 787 et
1130 722 1221 805 pueri
1258 723 1356 789 sensi·

204 830 277 908 bus,
306 827 361 912 qui
388 827 533 894 fortassis
557 847 596 892 ne
619 847 733 912 panem
757 828 884 912 quidem
909 828 961 893 uel
987 828 1216 894 uestimentum
1243 830 1357 894 habea·

205 953 278 1000 mus
299 933 417 1000 adhoc
439 934 547 1018 ipsum
569 937 607 999 ut
629 933 786 1018 principes
811 935 990 1017 aliquorum
1013 934 1126 1011 simus,
1145 938 1201 998 aut
1222 936 1355 1019 prophe-

173 1044 258 1107 stae
286 1041 436 1108 docentes
464 1040 573 1125 iniqua
601 1044 633 1106 et
661 1041 715 1125 qui
742 1041 961 1107 beatificamur
987 1041 1019 1106 iu
1047 1060 1184 1106 cassum.
1216 1043 1355 1108 multum

206 1151 289 1214 certe
320 1147 412 1214 nobis
446 1147 545 1226 deest,
578 1151 617 1213 ut
647 1149 748 1214 simus
782 1147 961 1214 sacerdotes
993 1147 1161 1230 loquentes
1192 1148 1224 1214 in
1262 1148 1356 1214 corde

204 1254 417 1320 Hierusalem.
455 1274 536 1338 quae
568 1255 674 1320 omnia
701 1255 813 1322 Esaias
845 1256 972 1340 inputat
999 1257 1031 1320 et
1058 1254 1233 1338 exprobrat,
1262 1255 1354 1320 ouius

203 1361 289 1425 labia
311 1380 367 1446 per
391 1360 543 1444 Seraphin
565 1362 659 1446 ignea
680 1381 781 1444 pruna
804 1363 988 1447 purgantur.

251 1470 302 1532 57.
335 1467 397 1534 Sed
425 1469 523 1552 quid?
556 1488 636 1553 opus
664 1469 793 1553 quidem
820 1473 945 1535 tantum
979 1487 1015 1534 ac
1047 1469 1111 1534 tale
1144 1471 1193 1534 est
1225 1471 1257 1533 et
1287 1472 1353 1534 tam

158 1573 397 1641 1claboriosum
425 1575 513 1640 cordi
540 1575 695 1655 sensibili,
727 1576 902 1660 perieulum
931 1594 1007 1641 uero
1038 1575 1111 1641 leue
1144 1578 1200 1639 aut
1230 1574 1354 1640 nullum

205 1683 238 1744 et
267 1681 378 1763 lapsus
411 1682 682 1764 contemptibilis?
719 1686 751 1748 et
783 1681 911 1765 quidem
943 1683 1082 1747 multum
1118 1681 1197 1746 mihi
1232 1684 1354 1747 metum

203 1787 350 1852 intentat.
381 1787 453 1853 hino
482 1789 610 1872 quidem
637 1789 751 1854 beatus
782 1788 863 1854 Osee
890 1789 1044 1854 iudicium
1073 1788 1181 1854 dicens
1213 1807 1283 1853 esse
1316 1788 1354 1853 de
1381 1794 1400 1846 2

203 1894 295 1960 nobis
315 1895 533 1961 sacerdotibus
552 1897 585 1961 et
602 1895 813 1979 principibus:
834 1895 1018 1978 qnoniam,
1040 1895 1155 1978 inquit,
1178 1895 1353 1977 laqueum

204 2001 297 2067 facti
318 2021 446 2068 sumus
465 2003 500 2067 in
521 2004 680 2088 specula
699 2004 736 2068 et
753 2003 856 2068 siout
874 2006 952 2067 rete
973 2002 1070 2084 quod
1085 2006 1281 2068 extensum
1296 2006 1354 2067 est

159 2135 186 2178 ιι
206 2128 319 2192 super
345 2109 565 2194 Itebyrium
595 2110 680 2193 quod
707 2113 873 2175 extensum
902 2112 950 2174 est
979 2109 1017 2174 ab
1045 2109 1096 2175 his
1121 2109 1176 2192 qui
1198 2109 1352 2174 humanas

205 2216 326 2281 animas
350 2216 487 2300 capiunt.
511 2217 567 2283 sed
591 2221 624 2282 et
646 2216 841 2282 deseoandos
865 2235 935 2282 esse
959 2217 1061 2282 malos
1080 2217 1251 2301 prophetas
1270 2235 1354 2282 eom-

204 2322 342 2387 minatur·
361 2327 393 2389 et
409 2323 477 2409 igni
496 2324 727 2390 consumendos
745 2324 868 2390 iudices
884 2343 1003 2390 eorum.
1024 2323 1213 2390 cessandum
1227 2342 1353 2408 quoque

205 2448 276 2495 esse
299 2431 337 2495 ab
361 2430 518 2515 ungendis
545 2431 674 2516 regibus
703 2436 735 2496 et
762 2431 959 2515 principibus
988 2429 1178 2509 ordinandis,
1205 2430 1354 2513 quoniam

203 2537 266 2622 ipsi
289 2537 352 2602 sibi
374 2541 554 2604 statuerunt
575 2557 666 2623 reges
691 2542 723 2603 et
746 2558 806 2604 non
829 2556 885 2622 per
908 2539 1011 2603 deum.

156 2667 185 2711 ao
249 2646 302 2713 58.
325 2645 409 2710 Hinc
432 2648 540 2710 autern
564 2645 702 2710 deterret
723 2646 837 2711 beatus
860 2645 1023 2710 Michaeas
1046 2663 1108 2710 non
1130 2645 1234 2710 ferens
1260 2644 1355 2709 fabri-

203 2753 268 2818 cari
292 2751 367 2818 Sion
394 2752 426 2816 in
454 2752 607 2835 sanguine
637 2753 669 2816 et
690 2751 893 2817 Hierusalem
921 2751 953 2815 in
980 2751 1150 2834 iniquitate
1177 2751 1354 2836 principum

295 3011 403 3066 lEsai.
423 3011 485 3076 3,4
550 3010 620 3068 eof.
639 3009 712 3066 Esai.
734 3011 794 3076 3,7
858 3011 1065 3077 def.Esai.9,
1087 3012 1120 3065 15
1189 3012 1258 3070 dcl.
1277 3011 1351 3066 Esai.

203 3099 284 3164 40‚2
348 3100 591 3163 accusabo
657 3101 689 3156 13
711 3101 757 3157 Os.
777 3101 836 3166 5,1
904 3101 936 3156 16
956 3101 1056 3157 cf.=Os.
1076 3103 1138 3166 o‚5
1199 3104 1232 3157 17
1252 3102 1284 3158 cf.
1306 3101 1355 3157 Os.

205 3189 265 3256 Ἠ
322 3189 355 3244 19
376 3189 409 3244 cl.
430 3189 476 3244 Os.
495 3189 558 3254 8,4
613 3189 802 3246 secretior.
824 3190 848 3256 3,
870 3190 902 3245 10

240 3352 322 3405 laut
342 3349 435 3419 etiam]
455 3349 542 3404 esaias
563 3349 645 3403 etism
663 3350 691 3403 A
763 3348 797 3403 de
818 3350 915 3419 quibus
934 3366 985 3404 om.
1009 3350 1036 3404 V
1096 3351 1209 3420 2pueri
1228 3351 1352 3406 sensibus

202 3439 314 3508 (ἀτελεῖς
332 3439 380 3510 τὴν
400 3439 548 3510 φρόνησιν)]
569 3439 647 3510 pueri
665 3438 775 3493 senibus
796 3439 824 3494 R
909 3439 926 3492 3
945 3445 961 3492 h
979 3439 1129 3494 habeamus
1148 3441 1175 3507 (r'r
1192 3441 1224 3493 iu
1242 3440 1306 3511 my.)
1324 3441 1353 3495 R

200 3529 277 3600 tut]
298 3532 326 3584 et
342 3530 379 3598 A,
399 3545 450 3585 om.
469 3529 498 3583 R
571 3529 685 3584 aliorum
703 3529 731 3582 A
804 3545 896 3583 sumus
914 3530 942 3585 R
1013 3528 1183 3599 proletan'
1239 3529 1351 3584 6nohia

201 3621 273 3674 certe
294 3619 318 3674 0
371 3619 386 3672 'l
405 3619 554 3688 imputauit
573 3620 599 3672 A
653 3619 670 3673 8
689 3616 816 3690 syraphin
836 3618 864 3673 R
882 3618 1015 3689 seraphyn
1034 3622 1061 3672 A
1080 3621 1179 3688 syrafin
1198 3619 1223 3689 (a
1242 3635 1263 3674 s.
1282 3623 1309 3688 y)
1331 3619 1356 3673 0

200 3708 367 3779 seraphimc
421 3709 551 3779 purgauit
569 3707 689 3762 OAGVo
724 3709 835 3763 litante
851 3707 932 3778 quide
951 3725 1049 3778 opusc
1095 3693 1212 3778 'quidem
1227 3693 1297 3764 eras.
1317 3710 1349 3776 V,

200 3813 251 3852 om.
271 3798 298 3851 A
376 3801 404 3852 et
422 3802 479 3853 tam
497 3797 552 3867 (καὶ
571 3799 667 3864 οὕτως)
686 3797 768 3853 ROC
787 3800 869 3852 etiam
888 3797 948 3852 AV
1032 3799 1063 3852 11
1085 3797 1281 3854 contemtibilis
1304 3795 1354 3853 00

202 3887 235 3940 12
253 3885 522 3957 hinc-principibus
541 3903 592 3942 om.
611 3888 638 3940 A
742 3903 821 3941 oseae
843 3888 947 3959 Ooeep
970 3887 997 3941 V
1085 3887 1118 3942 13
1138 3890 1166 3942 et
1183 3887 1351 3957 principibus

200 3992 251 4032 ern.
269 3977 298 4033 R
318 3979 346 4031 et
365 3977 398 4034 de
416 3977 585 4047 principibus
608 3975 662 4031 OV
730 3977 880 4047 laqueuso
945 3978 979 4031 14
996 3979 1066 4032 reste
1085 3976 1113 4032 R
1182 3975 1215 4031 15
1234 3991 1349 4046 super-

200 4069 340 4120 extensum
359 4069 403 4121 est
420 4081 471 4120 orn.
485 4066 546 4121 RV
595 4065 758 4136 ltahyrium]
776 4067 919 4136 tuguriuo
957 4067 990 4120 16
1010 4066 1120 4136 capiant
1138 4068 1166 4133 (u
1178 4081 1200 4120 s.
1215 4065 1266 4119 alt.
1280 4068 1306 4132 a)
1326 4064 1352 4119 V

199 4153 378 4210 detestandos
399 4155 499 4224 epac
605 4156 637 4209 19
657 4155 709 4226 ipsi
728 4171 779 4210 om.
799 4155 827 4212 R
921 4155 957 4210 20
975 4157 1110 4225 perterret
1130 4153 1168 4208 Oc
1185 4156 1305 4225 pererret
1327 4153 1351 4207 Ο

198 4242 318 4298 micheas
336 4242 418 4300 Boo
488 4242 652 4298 relerensO
723 4245 756 4298 21
778 4244 987 4308 hierusalemO
1058 4245 1087 4297 in
1106 4259 1157 4299 om.
1176 4242 1204 4298 R
1276 4243 1350 4313 prin-

199 4333 271 4403 cipiu
289 4332 318 4388 R
