3258 4980
477 377 550 430 VIII.
571 378 615 431 De
635 379 808 446 grandinis
828 381 1021 434 uastatione
1042 383 1119 435 6-9.
1306 387 1370 450 245

220 571 377 654 permissa
400 574 449 636 ast
473 571 587 655 agendi
610 591 689 654 quae
713 574 872 653 uolumus,
894 574 939 638 ibi
963 594 1038 639 uero
1063 552 1225 659 gestorum
1249 579 1371 644 nostro·

220 698 290 742 rum
315 678 444 744 reddere
468 679 630 743 rationem.
830 755 832 760 ¹

266 787 296 850 8.
327 783 410 864 Quid
439 805 511 870 ergo
540 786 693 850 faciemus
722 787 753 850 in
777 787 832 852 illa
856 787 915 867 die,
940 787 977 851 de
1002 807 1064 870 qua
1086 789 1370 855 uehementissime

219 895 372 974 perterret
394 892 522 974 quidam
546 893 780 975 prophetarum,
806 913 878 958 cum
902 893 997 958 deum
1016 894 1181 960 nobiscum
1201 896 1281 960 dicit
1299 915 1369 962 esse

184 998 434 1064 siudicatnrum
467 999 499 1063 in
532 1000 693 1064 montibus
722 1003 754 1066 ot
782 1001 918 1066 collibus
947 1005 979 1064 et
1006 1001 1173 1066 consedere
1198 1002 1368 1068 aduersum

219 1125 275 1170 nos
300 1109 332 1170 et
356 1105 532 1189 disceptare
556 1110 651 1188 atque
679 1110 751 1172 ante
774 1107 886 1172 faciem
911 1111 1051 1172 nostrum
1076 1112 1215 1174 statuere
1239 1112 1369 1190 peecata

218 1214 335 1291 nostra,
374 1215 576 1278 accusatores
612 1214 737 1280 scilieet
773 1214 1007 1292 acerbissimos,
1051 1215 1199 1280 adhibere
1242 1235 1368 1298 quoque

218 1319 324 1383 omnia
347 1339 405 1385 sua
426 1320 588 1397 beneficia,
613 1340 693 1402 quae
721 1322 753 1386 in
777 1341 834 1388 nos
863 1322 1009 1398 contulit,
1039 1325 1070 1386 et
1098 1339 1266 1404 conparare
1295 1341 1367 1386 cum

218 1426 391 1490 sceleribus
415 1427 544 1505 nostris,
569 1428 818 1510 cogitationibus
842 1448 968 1510 quoque
992 1429 1202 1512 cogitationes
1227 1429 1367 1495 conferre

170 1535 363 1598 1331331113
388 1533 512 1597 actibus
537 1552 675 1618 arguere,
701 1552 772 1597 oum
796 1534 928 1598 anobis
952 1535 1113 1616 requirens
1136 1553 1233 1618 purae
1256 1534 1366 1618 imagi-

199 1639 265 1702 nis
290 1639 477 1722 dignitatem
503 1640 716 1704 oblitteratam
741 1659 809 1704 earn
831 1640 989 1704 inuenerit
1008 1645 1040 1706 et
1059 1641 1268 1719 obfuscatam,
1293 1659 1364 1706 cum

215 1746 256 1809 ad
284 1746 433 1810 ultimum
463 1751 546 1811 certe
571 1747 695 1829 propria
719 1746 937 1828 unusquisque
961 1749 1089 1811 notatus
1114 1747 1270 1810 sententia
1293 1765 1365 1812 oon·

216 1852 437 1917 damnabitur?

260 1960 291 2025 9.
321 1957 401 2038 Quis
430 1979 503 2043 ergo
532 1960 577 2024 ibi
607 1960 781 2025 aduocatos
811 1961 890 2025 erit?
924 1979 1003 2042 quae
1033 1960 1248 2025 interuentio?
1283 1979 1362 2041 quae

166 2085 195 2127 13
214 2067 387 2149 figmenta?
412 2086 491 2148 quoe
515 2067 620 2132 artes?
646 2086 725 2148 quae
749 2066 918 2131 aduersum
937 2067 1104 2130 ueritatem
1124 2065 1258 2130 forensis
1278 2065 1363 2129 ocili-

214 2173 296 2238 ditus
310 2175 508 2256 proferetur?
532 2175 648 2256 quibus
663 2174 811 2256 praemiis
826 2173 980 2238 iudicium
995 2177 1234 2254 corrumpetur?
1259 2173 1364 2237 omnia

212 2282 394 2362 pendebunt
425 2283 456 2346 in
490 2283 607 2346 statera
641 2280 794 2358 iustitiae,
832 2283 923 2363 gesta
955 2282 988 2344 ot
1019 2281 1116 2344 uerba
1149 2284 1180 2343 et
1217 2278 1361 2363 cogitati·

214 2407 288 2452 ones
313 2392 449 2466 nostrae,
474 2389 558 2452 mala
576 2407 611 2452 ac
629 2388 712 2452 bona
731 2388 901 2452 aduersum
920 2406 954 2451 se
972 2368 1111 2451 inuicem
1130 2387 1256 2452 diuersa
1273 2388 1361 2451 13133

212 2495 396 2576 pendentur,
422 2499 457 2560 ut
480 2515 552 2577 pars
578 2514 657 2576 quae
681 2494 979 2576 praeponderauerit
997 2494 1105 2558 uincet
1123 2498 1155 2558 et
1174 2513 1235 2574 quo
1256 2494 1361 2576 uergit

161 2620 293 2683 acopos
321 2602 398 2665 illuc
427 2602 584 2666 sententia
612 2601 744 2665 decidat.
772 2619 830 2665 nec
852 2601 936 2666 ultra
958 2601 1022 2665 iam
1045 2600 1108 2664 alia
1131 2601 1280 2665 uoluntas
1305 2601 1361 2663 aut
1388 2621 1404 2672 2

211 2708 299 2772 aliud
322 2708 477 2773 iudicium
497 2712 553 2772 aut
571 2708 731 2772 excusatio
751 2727 806 2790 per
826 2708 965 2772 secunda
984 2727 1078 2790 opere
1096 2707 1282 2788 requiretur,
1302 2724 1360 2770 nec

210 2819 338 2897 tempus
367 2816 426 2880 erit
454 2816 515 2880 olei
543 2815 709 2879 mutuandi
733 2835 750 2879 a
773 2815 982 2896 prudentibus
1007 2815 1185 2900 uirginibus
1210 2814 1359 2878 11313311-

209 2922 338 3003 parandi
362 2922 622 2999 crendentibus,
646 2940 720 2986 cum
743 2922 905 3003 lampades
930 2922 1165 3004 extinguuntur.
1188 2939 1244 2984 neo
1267 2921 1358 2986 locus

208 3033 260 3092 est
274 3030 483 3112 paenitentiae
503 3029 614 3092 diuitis
630 3029 859 3093 concremantis
875 3029 906 3091 in
921 3028 1048 3092 flamma
1063 3032 1095 3091 et
1109 3028 1357 3110 propinquorum

300 3272 558 3339 3313331133
632 3270 795 3326 4311113.
816 3271 877 3339 a,e
945 3271 1013 3324 cer.
1034 3271 1076 3324 rs.
1097 3273 1140 3338 13,
1160 3273 1192 3324 31
1268 3273 1302 3324 33
1323 3272 1356 3326 cr.

209 3362 310 3414 tracen.
330 3363 372 3425 33,
393 3362 418 3416 e.
438 3363 454 3414 3
510 3362 543 3414 24
564 3359 681 3414 31333.
702 3360 743 3424 13,
763 3361 797 3414 33

245 3483 817 3554 31333313113113313331331133331
857 3485 1001 3554 tquidem
1020 3485 1100 3539 1133.
1157 3485 1358 3554 311111](131110

206 3577 239 3642 (d
258 3578 289 3630 13
307 3581 375 3642 rua.)
396 3593 409 3630 3
481 3575 601 3645 picetaru
623 3575 646 3628 0
712 3576 727 3628 5
747 3574 920 3640 iudicandum
939 3578 1052 3643 (1111113.
1074 3575 1165 3640 udum)
1186 3574 1354 3629 1113113311-

207 3666 272 3718 dum
296 3662 388 3718 OOVo
443 3664 676 3731 3333113131(13.
697 3664 819 3731 3111.)11
860 3665 934 3732 631]
956 3663 1203 3731 3113(133.1.)11
1246 3665 1355 3718 73331-

205 3751 543 3808 11313311333111133111133
563 3753 596 3822 (13
615 3769 636 3806 e.
657 3753 673 3805 1.
693 3753 750 3821 132)
772 3751 795 3805 0
856 3753 872 3806 8
892 3753 919 3805 in
939 3754 997 3821 1133]
1017 3752 1096 3806 nobis
1116 3752 1154 3821 (bi
1173 3768 1194 3808 a.
1216 3753 1231 3805 1.
1251 3755 1309 3817 132)
1328 3753 1355 3806 11

204 3859 354 3911 conparere
372 3841 451 3904 11133.
498 3844 514 3895 9
533 3841 715 3910 cogitationes
735 3857 841 3909 quoque
860 3841 1071 3909 cogitationibus
1091 3843 1118 3896 A
1181 3841 1296 3897 conferri
1317 3842 1354 3894 Cu

208 3932 242 3985 10
262 3933 337 3986 33133
356 3931 384 4001 (a
403 3947 425 3984 3.
444 3934 469 3998 ο)
489 3929 544 3984 110
626 3931 656 3982 11
678 3945 765 4001 meam
784 3931 812 3984 11
884 3930 1088 3984 offuscatamt)
1161 3930 1353 3984 1333131311

204 4019 465 4089 condempnabimur
483 4020 509 4072 A
563 4021 594 4073 15
615 4019 744 4074 aduersus
763 4020 816 4073 RC
861 4023 893 4075 16
913 4020 1064 4089 proferetur
1082 4023 1169 4088 (1113.)
1184 4020 1211 4075 11
1231 4036 1352 4074 conrum-

206 4111 286 4177 patur
298 4108 327 4163 11
346 4108 588 4177 corrumppeturO
624 4110 655 4161 11
676 4109 764 4178 gesta]
785 4113 813 4162 ct
832 4115 910 4178 gesta
928 4110 981 4176 (331Ι
994 4109 1095 4178 πρᾶξιν)
1114 4109 1223 4164 Wrobet
1277 4109 1351 4177 cogi-

202 4197 320 4255 tationis
342 4197 414 4264 0133.
471 4197 503 4250 18
522 4195 593 4250 bona
612 4215 642 4252 ac
660 4198 731 4250 mala
750 4197 777 4250 11
846 4198 879 4251 19
898 4197 1052 4266 penduntur
1076 4195 1100 4250 V
1117 4198 1308 4267 pondernuerit
1325 4200 1353 4254 R

204 4288 240 4339 23
261 4285 437 4354 extinguntur
456 4287 510 4338 AC
562 4287 597 4338 24
617 4287 655 4354 et]
676 4284 710 4350 ad
729 4291 752 4351 (c
771 4302 791 4339 3.
813 4285 841 4351 d)
860 4287 887 4340 11
