3214 4988
231 439 275 502 30
749 433 871 488 Rufini

232 630 321 693 uitiis
345 629 461 692 nostris
486 642 518 692 et
540 629 742 712 passionibus
766 648 960 694 memorasse
984 629 1115 710 etquid
1139 629 1243 711 operis
1266 628 1307 691 ad
1333 629 1382 691 sui

233 755 341 800 euram
360 756 378 798 a
397 736 479 799 bono
501 746 629 818 pastore
652 736 836 818 deposcant,
859 737 899 798 ab
923 756 959 800 eo
979 736 1113 802 scilicet
1136 737 1192 817 qui
1210 734 1383 798 secundum

234 843 409 925 scripturae
437 843 624 908 senteutiam
655 843 791 907 scienter
823 845 885 908 scit
917 844 1038 908 animas
1071 863 1220 927 pecorum
1252 861 1383 906 suorum

233 954 266 1014 et
289 951 373 1032 regit
396 969 525 1033 gregem
549 949 726 1014 secundum
749 951 882 1014 uerbum
907 950 1100 1014 dominicum
1125 963 1157 1013 et
1184 949 1383 1031 disciplinam

233 1055 435 1138 pastoralem.
459 1075 555 1139 qnam
579 1076 597 1120 a
620 1075 696 1120 uero
715 1068 842 1139 pastore
861 1058 1002 1121 omnium
1022 1058 1225 1138 suscepimus
1245 1057 1383 1120 Christo.
1415 1075 1434 1116 s

279 1163 460 1244 35.1psam
483 1183 559 1227 uero
582 1163 671 1226 uerbi
695 1163 744 1226 dei
769 1181 876 1227 curam
901 1168 933 1226 et
956 1163 1118 1228 doctrinae
1136 1163 1290 1226 rationem
1308 1183 1385 1244 quo-

233 1270 328 1333 modo
357 1271 511 1350 explicare
538 1270 662 1333 ualeam
690 1307 733 1314 -
761 1282 799 1333 ut
824 1271 975 1334 ultimum
1005 1271 1106 1334 dicam
1134 1269 1220 1351 quod
1247 1270 1385 1352 primum

234 1383 284 1442 est
307 1383 339 1442 et
361 1398 511 1464 magnum
536 1415 588 1456 —,
615 1378 916 1459 quoniamquidem
945 1379 1049 1444 hodie.
1078 1386 1114 1441 nt
1141 1377 1246 1444 uideo.
1274 1396 1384 1440 omues

189 1486 207 1538 2
234 1486 379 1567 magistri
404 1494 478 1548 sunt
501 1489 534 1548 ct
557 1503 665 1548 omnes
689 1485 973 1566 philosophantur?
998 1485 1082 1567 quod
1100 1503 1160 1568 ego
1179 1485 1259 1548 satis
1277 1485 1384 1548 miror.

236 1593 261 1654 si
287 1611 396 1656 omnes
419 1593 463 1661 hi.
492 1612 572 1673 quos
595 1591 688 1654 uideo
711 1593 743 1655 in
768 1593 904 1656 ecclesia
930 1591 970 1654 ad
997 1592 1176 1656 iaciendum
1205 1609 1383 1654 sennonem
1402 1609 1427 1648 a·

235 1698 266 1762 in
291 1699 408 1780 populo
432 1699 611 1780 procedere.
635 1699 716 1762 bene
739 1704 771 1762 et
793 1705 880 1762 recte
903 1710 1019 1762 norunt
1042 1699 1115 1761 dare
1134 1699 1298 1762 conseruis
1315 1698 1384 1762 suis

235 1807 267 1868 in
295 1810 438 1886 tempore
467 1805 567 1868 tritici
595 1825 773 1869 mensuram
802 1811 834 1868 ct
864 1806 1030 1888 disponere
1058 1824 1218 1868 sermones
1245 1823 1321 1868 suos
1349 1806 1382 1867 in

235 1913 354 1977 indicio
385 1931 423 1975 ac
453 1913 622 1974 ueritatem
654 1912 838 1995 dogmatum
870 1919 1050 1977 nostrornm
1087 1915 1316 1992 cousequenter
1350 1922 1383 1974 et

236 2020 466 2082 rationabiliter
493 2019 666 2099 explanare.
700 2037 919 2101 quaecumque
951 2019 990 2082 de
1023 2019 1149 2082 mundis
1180 2019 1233 2082 uel
1262 2017 1383 2082 mundo

237 2124 452 2207 philosophari
481 2130 615 2206 oportet,
643 2144 724 2206 quae
752 2125 790 2188 de
818 2127 959 2198 materia,
988 2143 1069 2206 quac
1097 2126 1136 2188 de
1159 2126 1273 2190 anima.
1303 2144 1383 2207 quae
1402 2141 1428 2181 1⁵

238 2231 276 2292 de
304 2240 419 2297 mente.
452 2249 532 2310 quae
563 2230 602 2292 de
633 2231 904 2296 intellectualibus
936 2233 1058 2296 naturis
1091 2233 1161 2294 sine
1191 2232 1282 2296 bonis
1314 2233 1384 2295 siue

238 2337 403 2400 contrariis
440 2347 481 2402 et.
523 2337 606 2417 qnod
644 2342 693 2400 est
729 2340 900 2402 niaximum
938 2348 970 2401 et
1007 2339 1092 2420 quod
1128 2339 1317 2422 constringit
1353 2350 1385 2401 et

239 2444 378 2506 continet
402 2463 438 2506 ao
461 2445 612 2525 conponit
634 2446 794 2512 uniuersa.
824 2446 862 2508 de
886 2446 1088 2529 prouidentia
1111 2458 1143 2508 et
1171 2445 1210 2508 de
1237 2446 1384 2527 ungulis.

240 2569 319 2631 quae
338 2551 390 2612 nel
408 2552 687 2615 contestationem
706 2553 849 2616 accidere
864 2590 906 2598 —
920 2553 1091 2616 humanam
1110 2552 1262 2616 uidelicet
1279 2589 1320 2596 —
1333 2551 1386 2615 uel

239 2659 327 2721 iuxta
349 2659 501 2721 rationem
526 2659 683 2723 uidentur.
1402 2674 1431 2716 π

284 2768 337 2830 36.
362 2768 414 2829 37.
440 2765 502 2830 Sed
525 2771 558 2830 et
576 2767 615 2830 de
633 2768 735 2848 pnimo
755 2775 863 2831 nostro
883 2774 971 2830 statu
991 2787 1027 2831 ac
1047 2769 1222 2832 nouissima
1239 2767 1387 2829 reforma-

239 2874 335 2938 iione.
358 2872 397 2934 de
419 2873 737 2957 praefigurationibus
757 2885 789 2937 et
807 2875 952 2950 ueritate,
976 2874 1014 2936 de
1033 2886 1168 2954 utroque
1185 2877 1386 2935 testamento.

241 2982 279 3043 de
307 2980 446 3043 aduentu
475 2979 593 3044 Christi
619 2982 721 3063 primo
751 3001 787 3045 ac
820 2983 970 3045 secundo.
1003 2983 1041 3044 de
1073 2982 1287 3044 incarnatione
1318 2979 1387 3041 eins

331 3207 400 3258 3ef.
420 3207 618 3262 Prou.·2'a'.·23
682 3205 1253 3274 5111011.11·,11.14.Ειε(·11.34.“23
1317 3203 1387 3258 eet.

242 3295 404 3348 statos-33.
426 3297 459 3348 10
515 3299 546 3349 11
570 3296 603 3348 ci.
622 3296 686 3348 Luc.
709 3297 750 3348 ln.
768 3297 803 3346 42

280 3460 292 3509 l
314 3474 345 3509 ac
364 3458 406 3509 sni
426 3474 489 3509 cura
510 3457 534 3508 C
577 3459 594 3510 ‘2
614 3458 729 3524 abono}
751 3458 840 3509 abnuo
859 3457 886 3510 R
946 3457 1094 3524 deposcunt
1113 3455 1141 3508 R
1159 3454 1288 3523 deposcat
1309 3453 1391 3506 Odi*

243 3548 341 3614 decit]
360 3548 449 3615 pascit
469 3551 515 3615 (pa
535 3549 563 3598 in
584 3565 634 3613 neq.
655 3546 731 3597 addit
752 3546 779 3598 R
832 3549 945 3613 lreget
967 3545 1011 3597 OC
1087 3531 1134 3597 dni
1146 3562 1205 3608 enin
1223 3544 1248 3596 C
1259 3544 1389 3596 dominic

244 3635 333 3688 deis
397 3635 544 3704 9ergoC
607 3635 697 3687 lonii
718 3633 811 3687 ROCo
875 3636 905 3685 ll
928 3633 1072 3701 precedere
1103 3651 1117 3684 o
1136 3650 1157 3687 s.
1178 3631 1247 3696 ἠδ
1308 3632 1390 3683 liin

245 3727 344 3777 soltimu
364 3727 490 3793 pupione
509 3725 582 3776 lineo
602 3723 672 3775 le
689 3724 798 3788 scripsit
818 3735 846 3774 et
866 3722 1008 3789 disponere
1027 3739 1082 3773 ser·
1103 3722 1201 3773 addila
1219 3721 1249 3773 in
1268 3721 1391 3788 usurpem

245 3823 311 3866 croto
331 3814 434 3882 aliquid
455 3812 546 3869 deest:
561 3819 658 3878 postea
678 3811 790 3862 addidi?
808 3828 914 3862 menes
935 3828 997 3862 suos
1017 3812 1044 3862 in
1063 3810 1163 3862 iudicio
1182 3809 1347 3861 seueritate
1365 3814 1391 3860 et

243 3906 335 3970 spatio
360 3918 450 3954 conciso
474 3903 566 3954 relicto
590 3902 680 3953 omisit
700 3901 855 3965 dogmatum
876 3913 1029 3950 nemorum
1140 3899 1171 3951 13
1190 3898 1306 3950 ueritate
1328 3895 1392 3950 OCa

246 3993 398 4045 decanatum
416 3993 453 4044 ‘jc
508 4001 536 4042 et
555 4003 751 4058 consequenter
769 4003 796 4041 et
809 3990 836 4041 R
875 3991 907 4041 ll
921 4005 1105 4057 quaecumque
1126 3987 1205 4056 quid}
1223 3985 1330 4038 mundis
1347 3985 1393 4038 uel

245 4081 382 4133 insaniis
413 4083 440 4132 in
459 4099 481 4134 e.
502 4081 528 4137 l..
547 4081 570 4131 is
592 4081 620 4131 in
640 4083 702 4145 roej
726 4080 752 4131 R
825 4078 935 4146 mansa}
960 4078 993 4130 de
1017 4077 1116 4130 mundo
1140 4076 1199 4129 ΑΥ
1250 4075 1284 4128 15
1303 4075 1392 4126 anim

246 4171 323 4238 Rps.
381 4170 558 4223 ibae-elem
581 4169 700 4221 onero
772 4167 887 4221 uelem.
909 4171 933 4219 0
991 4169 1023 4220 21
1046 4163 1395 4231 decolerlusGrcyoriuni

247 4262 372 4328 capitulo
390 4263 417 4312 in
439 4278 522 4311 soricem
544 4262 684 4312 contrusit
699 4260 837 4324 Rufinus·
854 4267 934 4311 elinm
955 4259 1005 4310 hoc
1023 4258 1175 4324 capitulien
1194 4262 1253 4307 urle
1270 4253 1394 4306 oehuml

248 4369 306 4403 cum
327 4350 507 4402 noctes-edente.
528 4367 560 4401 eo·
580 4366 633 4418 quo
647 4349 842 4416 praedicatam
859 4351 943 4416 prinei
962 4347 1103 4400 citocotioli
1120 4343 1301 4414 ssspplessdsm
1319 4347 1359 4395 esi
