3214 4988
563 408 585 462 I.
603 407 847 480 Apologeticus
867 407 984 465 38-40.
1298 413 1346 478 ,33

73 648 76 656 ·
191 609 301 689 aptum
326 603 366 669 ad
389 623 498 670 omnes
521 603 765 688 praedicationis
789 605 924 672 uerbum
947 604 1048 670 etita
1070 606 1161 670 uelut
1187 604 1345 688 plectrum

189 712 327 798 singulis
348 711 526 793 admouere,
546 714 759 796 utnusquam
778 730 874 778 sonus
895 711 1033 778 offendat
1051 712 1206 778 auditum.
1226 712 1347 796 triplici

189 839 327 902 namque
350 838 387 884 er
410 818 503 885 modo
528 818 559 882 in
584 818 720 884 ecclesia
743 817 917 884 dicentium
947 818 1126 902 periculum
1153 819 1279 903 pendet,
1309 839 1346 885 err

190 945 287 990 sensu
311 945 347 990 er
370 925 467 990 uerbo
492 944 528 990 er
552 923 675 1004 auditu,
703 927 741 990 ut
763 923 913 1007 perfacile
937 924 1063 990 eueniat
1085 924 1117 988 in
1145 943 1208 990 uno
1237 925 1345 990 saltim

152 1054 170 1098 e
190 1031 307 1114 aliquo,
328 1030 357 1096 si
375 1049 436 1096 non
454 1032 486 1097 in
507 1029 654 1096 omnibus
673 1029 748 1094 labi.
769 1033 825 1095 aut
844 1029 928 1096 enim
947 1030 1053 1096 minus
1070 1029 1279 1098 inluminatus
1296 1034 1346 1099 est
1373 1039 1390 1090 3

188 1157 302 1204 sensus
325 1141 381 1204 aut
404 1137 443 1203 ad
468 1137 697 1221 explanandum
726 1137 828 1202 defuit
856 1126 960 1202 sermo
992 1135 1154 1202 sufficiens
1183 1140 1240 1203 aut
1265 1138 1344 1204 bene

187 1245 313 1328 prolata
350 1245 487 1312 crassior
522 1264 583 1310 non
620 1245 741 1329 recepit
777 1244 921 1322 auditum
959 1249 991 1310 et
1028 1264 1064 1310 er
1102 1263 1163 1310 uno
1201 1246 1346 1328 quolibet

188 1352 303 1417 horum
331 1371 407 1418 casu
439 1352 475 1416 tit
505 1352 538 1416 in
572 1351 719 1417 omnibus
750 1352 930 1435 periculum
962 1351 1117 1419 ueritatis.
1149 1354 1182 1417 et
1214 1352 1344 1436 quidem

186 1457 220 1522 in
253 1458 325 1526 aliis
359 1458 538 1544 quibusque
572 1459 689 1524 studiis
722 1461 755 1524 et
787 1457 939 1525 doctrinis
972 1458 1063 1526 facile
1095 1459 1150 1524 uel
1186 1459 1345 1543 profertur

138 1588 168 1632 ιο
188 1583 293 1630 sermo
317 1566 371 1630 uel
394 1565 555 1648 recipitur,
579 1565 610 1630 in
630 1566 681 1631 bis
701 1584 777 1631 uerc
797 1566 914 1630 nestris
934 1565 1053 1631 scholis
1071 1565 1143 1648 ipsa
1162 1563 1343 1632 auditorum

188 1670 364 1754 expectatio
390 1672 514 1738 dicturo
539 1672 718 1756 periculum
741 1678 881 1757 generat.

232 1780 285 1844 40.
319 1779 494 1864 Tamquam
527 1779 611 1844 enirn
644 1779 682 1844 de
716 1778 773 1845 dec
807 1778 948 1845 audituri
981 1781 1013 1844 et
1045 1778 1083 1843 de
1118 1797 1244 1844 summa
1277 1798 1342 1845 orn-

184 1884 275 1950 nium
311 1905 367 1968 spe
404 1905 440 1950 ac
478 1888 581 1951 salute
619 1885 802 1969 suscepturi
839 1886 974 1954 uerbum
1016 1887 1133 1968 quanto
1175 1883 1341 1952 calidiores

186 2011 263 2078 erge
288 1993 385 2058 fidem
411 1993 540 2072 fuerint,
572 1995 661 2058 tanto
689 1992 883 2060 adtentiores
915 1996 947 2058 et
980 1993 1233 2076 scrupulosiores
1266 2012 1342 2078 erga

137 2123 166 2168 ne
185 2099 377 2164 audiendum
407 2099 492 2178 fient,
520 2100 567 2164 ita
593 2103 640 2181 ut,
669 2099 772 2166 sicubi
801 2099 922 2182 aliquid
951 2119 1043 2166 secus
1073 2099 1208 2166 dicentis
1236 2118 1339 2166 sermo

185 2207 337 2286 sonuerit,
369 2227 431 2274 non
463 2207 690 2273 titubationem
721 2208 850 2292 linguae
882 2210 1006 2291 putent,
1041 2206 1097 2272 sed
1129 2206 1340 2291 proditionem

184 2313 259 2380 fidei
281 2313 476 2397 pietatisque
500 2314 718 2380 condemnent.
746 2318 778 2379 et
805 2314 948 2380 iudicant
975 2315 1080 2382 omnia
1107 2334 1169 2381 non
1197 2313 1339 2380 docentis
1458 2365 1462 2368 -

183 2419 306 2485 ratione
331 2421 386 2486 sed
409 2421 543 2504 propriis
566 2421 725 2499 sensibus,
750 2440 811 2486 non
830 2421 881 2486 his
901 2439 980 2504 quos
1000 2421 1032 2486 in
1052 2420 1188 2486 ecclesia
1206 2419 1339 2487 audiunt

184 2525 242 2592 sed
265 2547 345 2610 quos
369 2529 408 2594 de
432 2528 526 2594 dome
551 2547 660 2594 secum
684 2528 830 2594 deferunt
853 2531 1077 2594 conseruantes
1103 2527 1251 2612 dogmata
1276 2546 1338 2593 non

134 2659 164 2704 ao
183 2652 264 2717 quae
290 2635 521 2701 rationabiliter·
547 2635 726 2702 didicerunt
752 2635 808 2700 sed
836 2654 917 2716 quae
946 2653 980 2700 er
1014 2632 1244 2700 consuetudine
1276 2653 1337 2699 non

183 2739 341 2821 probabili
366 2744 545 2807 tenuerunt.
577 2744 608 2807 et
635 2742 695 2807 hoc
724 2739 794 2806 dico
824 2740 926 2806 adhuc
959 2759 1020 2806 non
1053 2739 1148 2805 ualde
1180 2739 1337 2804 malcrum
1366 2748 1382 2800 a

183 2845 349 2912 hominum
381 2847 507 2928 uitium,
541 2849 606 2931 qui,
643 2849 720 2915 licet
750 2849 894 2932 regulam
926 2865 988 2912 non
1020 2847 1150 2912 teneant
1180 2845 1336 2924 ueritatis,

183 2955 289 3018 tamen
312 2953 461 3038 religiose
485 2954 563 3022 baec
591 2954 657 3037 pati
686 2953 837 3019 uidentur
865 2957 898 3018 et
925 2952 1039 3020 habere
1068 2950 1172 3016 zelum
1200 2950 1252 3016 dei
1281 2951 1337 3016 sed

183 3080 244 3126 nou
278 3060 451 3127 secundum
486 3061 652 3127 scientiam
685 3063 718 3125 et
752 3058 823 3126 ideo
861 3059 1007 3127 fortassis
1045 3058 1239 3125 uidebuntur
1275 3077 1336 3124 non

273 3339 306 3395 19
327 3337 360 3394 ci.
379 3339 439 3394 net.
460 3339 503 3408 16,
521 3340 539 3393 4
593 3337 628 3393 93
646 3339 724 3394 Rom.
744 3337 787 3402 10,
807 3339 823 3391 2

216 3517 437 3574 2admcueri0
501 3517 617 3573 offendit
637 3520 664 3584 (a
682 3535 704 3572 e.
723 3516 789 3584 i)0
842 3518 910 3572 3ex
929 3532 981 3571 one.
1002 3515 1053 3570 ΟΛ
1116 3513 1213 3584 pendit
1233 3511 1334 3570 OCcac.

181 3611 210 3664 et
228 3625 259 3662 ex
278 3623 359 3662 sensu
379 3611 406 3662 ct
425 3625 456 3661 ex
469 3607 553 3662 uerbo
569 3608 598 3662 et
612 3606 652 3678 (et
664 3625 686 3664 e.
701 3608 718 3661 l.
736 3605 769 3678 O)
785 3623 816 3661 ex
831 3605 928 3661 auditu
945 3604 982 3660 Oa
1018 3606 1036 3660 4
1051 3604 1183 3659 eueniunt
1200 3601 1227 3657 V
1279 3602 1334 3655 sal-

75 3689 77 3693 ’
180 3700 236 3750 tarn
254 3695 390 3766 V‚Op.c.,c
428 3695 626 3767 lprclatnsV
678 3694 804 3766 crassior]
821 3695 926 3766 gratior
941 3694 975 3762 (ti
988 3694 1101 3752 inrue-l
1117 3691 1145 3748 R
1198 3689 1337 3760 recipitO

182 3786 215 3840 10
234 3802 327 3840 semno
347 3801 416 3841 corr.
435 3785 468 3840 in
485 3802 572 3840 sermo
590 3785 618 3841 R
673 3785 821 3856 percipitur
841 3800 874 3839 erc
890 3783 1040 3856 precipitur
1061 3781 1084 3836 0
1137 3781 1218 3836 scolis
1241 3778 1335 3834 once

179 3874 274 3930 seselis
297 3874 324 3927 V
377 3876 407 3930 11
429 3875 580 3946 expectatio
599 3859 631 3928 a'n
649 3873 746 3943 mp.0
792 3875 825 3929 12
846 3876 873 3927 et
891 3876 1032 3943 tamquam
1051 3871 1122 3926 enirn
1140 3869 1169 3926 R
1216 3869 1249 3924 13
1269 3868 1333 3924 caii·

179 3962 270 4019 diores
288 3963 465 4036 (θερμότεροι)
487 3963 541 4020 OV
556 3962 709 4018 callidiores
727 3960 895 4032 RA‚Op.c.,o
932 3962 964 4016 17
983 3962 1169 4033 pietatemque
1188 3960 1215 4013 Α
1270 3975 1334 4013 con·
1391 3983 1397 3986 ·

179 4051 329 4123 dampnent
350 4053 422 4124 Oprc.
496 4053 624 4108 docentes
647 4051 739 4108 osee
795 4053 828 4108 18
847 4049 1028 4106 rationemO
1083 4051 1116 4104 19
1136 4048 1277 4126 dogmatos
1296 4050 1334 4113 (m

177 4141 261 4213 aaa.)
283 4140 307 4195 0
375 4142 410 4198 20
424 4159 471 4212 pr.
491 4141 570 4214 quae]
592 4158 621 4212 q3
641 4145 671 4209 (e.
692 4141 710 4197 l.
730 4144 774 4213 ne)
797 4140 821 4194 0
891 4142 923 4194 21
944 4138 1081 4211 probabili
1100 4138 1129 4208 (b
1145 4152 1190 4208 pr.
1210 4153 1245 4192 ccc
1262 4138 1291 4206 p)
1313 4135 1336 4190 O

178 4231 213 4285 23
236 4231 287 4286 hec
309 4233 401 4286 tamen
424 4231 554 4302 religiose
579 4230 639 4302 pati
663 4229 754 4285 nido
840 4229 972 4300 relegicse
994 4227 1093 4286 OGac.
1186 4229 1214 4280 et
1232 4224 1333 4280 habere

177 4318 307 4375 uidentur
326 4324 354 4375 et
371 4319 472 4376 habere
491 4320 578 4376 aelurn
601 4319 644 4374 dei
663 4321 689 4374 A
744 4391 746 4396 Ι

205 4444 336 4486 XXXXVl.
352 4443 430 4486 Rufini
446 4456 502 4498 pars
516 4445 536 4486 1,
1280 4420 1296 4472 3
