<?xml version="1.0" encoding="UTF-8"?>
<!DOCTYPE html PUBLIC "-//W3C//DTD XHTML 1.0 Transitional//EN"
    "http://www.w3.org/TR/xhtml1/DTD/xhtml1-transitional.dtd">
<html xmlns="http://www.w3.org/1999/xhtml" xml:lang="en" lang="en">
 <head>
  <title>
</title>
<meta http-equiv="Content-Type" content="text/html;charset=utf-8" />
  <meta name='ocr-system' content='tesseract 3.04.00' />
  <meta name='ocr-capabilities' content='ocr_page ocr_carea ocr_par ocr_line ocrx_word'/>
</head>
<body>
  <div class='ocr_page' id='page_1' title='image "./tyranniirvfinio00engegoog_0102.png"; bbox 0 0 3214 4988; ppageno 0'>
   <div class='ocr_carea' id='block_1_1' title="bbox 557 430 1339 505">
    <p class='ocr_par' dir='ltr' id='par_1_1' title="bbox 557 430 1339 505">
     <span class='ocr_line' id='line_1_1' title="bbox 557 430 1339 505; baseline 0.009 -21"><span class='ocrx_word' id='word_1_1' title='bbox 557 430 579 485; x_wconf 92' lang='lat' dir='ltr'>I.</span> <span class='ocrx_word' id='word_1_2' title='bbox 599 431 840 501; x_wconf 82' lang='lat' dir='ltr'>Apologeticus</span> <span class='ocrx_word' id='word_1_3' title='bbox 860 433 975 489; x_wconf 78' lang='lat'><strong>23-27.</strong></span> <span class='ocrx_word' id='word_1_4' title='bbox 1298 443 1339 505; x_wconf 80' lang='lat'>25</span> 
     </span>
    </p>
   </div>
   <div class='ocr_carea' id='block_1_2' title="bbox 137 623 1435 3168">
    <p class='ocr_par' dir='ltr' id='par_1_2' title="bbox 187 623 1384 1036">
     <span class='ocr_line' id='line_1_2' title="bbox 190 623 1340 714; baseline 0.009 -26"><span class='ocrx_word' id='word_1_5' title='bbox 190 623 402 690; x_wconf 84' lang='lat' dir='ltr'>extenduntur</span> <span class='ocrx_word' id='word_1_6' title='bbox 420 626 589 691; x_wconf 86' lang='lat' dir='ltr'>aduersum</span> <span class='ocrx_word' id='word_1_7' title='bbox 604 645 716 692; x_wconf 88' lang='lat' dir='ltr'>manus</span> <span class='ocrx_word' id='word_1_8' title='bbox 730 628 961 694; x_wconf 81' lang='lat' dir='ltr'>incontinenter</span> <span class='ocrx_word' id='word_1_9' title='bbox 976 632 1134 696; x_wconf 84' lang='lat' dir='ltr'>extensas:</span> <span class='ocrx_word' id='word_1_10' title='bbox 1154 651 1209 714; x_wconf 92' lang='lat' dir='ltr'>pro</span> <span class='ocrx_word' id='word_1_11' title='bbox 1226 635 1340 699; x_wconf 91' lang='lat' dir='ltr'>solutis</span> 
     </span>
     <span class='ocr_line' id='line_1_3' title="bbox 191 733 1341 821; baseline 0.01 -27"><span class='ocrx_word' id='word_1_12' title='bbox 191 739 223 794; x_wconf 91' lang='lat' dir='ltr'>et</span> <span class='ocrx_word' id='word_1_13' title='bbox 246 733 388 797; x_wconf 79' lang='lat' dir='ltr'><strong>remissis</strong></span> <span class='ocrx_word' id='word_1_14' title='bbox 413 734 602 817; x_wconf 77' lang='lat' dir='ltr'>praebentur</span> <span class='ocrx_word' id='word_1_15' title='bbox 625 735 725 800; x_wconf 88' lang='lat' dir='ltr'>clauis</span> <span class='ocrx_word' id='word_1_16' title='bbox 750 735 897 816; x_wconf 83' lang='lat' dir='ltr'>confixae,</span> <span class='ocrx_word' id='word_1_17' title='bbox 922 737 1051 820; x_wconf 88' lang='lat' dir='ltr'>probis</span> <span class='ocrx_word' id='word_1_18' title='bbox 1077 758 1156 821; x_wconf 90' lang='lat' dir='ltr'>quae</span> <span class='ocrx_word' id='word_1_19' title='bbox 1180 741 1341 806; x_wconf 89' lang='lat' dir='ltr'>eiecerunt</span> 
     </span>
     <span class='ocr_line' id='line_1_4' title="bbox 188 839 1340 929; baseline 0.009 -25"><span class='ocrx_word' id='word_1_20' title='bbox 188 839 292 904; x_wconf 84' lang='lat' dir='ltr'>Adam</span> <span class='ocrx_word' id='word_1_21' title='bbox 315 841 505 923; x_wconf 82' lang='lat' dir='ltr'>praebentur</span> <span class='ocrx_word' id='word_1_22' title='bbox 526 861 640 906; x_wconf 90' lang='lat' dir='ltr'>manus</span> <span class='ocrx_word' id='word_1_23' title='bbox 665 861 744 925; x_wconf 88' lang='lat' dir='ltr'>quae</span> <span class='ocrx_word' id='word_1_24' title='bbox 774 843 881 908; x_wconf 88' lang='lat' dir='ltr'>orbem</span> <span class='ocrx_word' id='word_1_25' title='bbox 912 848 1013 908; x_wconf 87' lang='lat' dir='ltr'>terrae</span> <span class='ocrx_word' id='word_1_26' title='bbox 1042 847 1280 929; x_wconf 75' lang='lat' dir='ltr'>conplectantur</span> <span class='ocrx_word' id='word_1_27' title='bbox 1308 853 1340 914; x_wconf 92' lang='lat' dir='ltr'>et</span> 
     </span>
     <span class='ocr_line' id='line_1_5' title="bbox 187 948 1384 1036; baseline 0.011 -27"><span class='ocrx_word' id='word_1_28' title='bbox 187 951 348 1012; x_wconf 89' lang='lat' dir='ltr'>reuocent.</span> <span class='ocrx_word' id='word_1_29' title='bbox 384 967 439 1030; x_wconf 87' lang='lat' dir='ltr'>pro</span> <span class='ocrx_word' id='word_1_30' title='bbox 472 948 653 1013; x_wconf 87' lang='lat' dir='ltr'>humilitate</span> <span class='ocrx_word' id='word_1_31' title='bbox 686 950 845 1028; x_wconf 83' lang='lat' dir='ltr'>exaltatio,</span> <span class='ocrx_word' id='word_1_32' title='bbox 882 970 938 1032; x_wconf 90' lang='lat' dir='ltr'>pro</span> <span class='ocrx_word' id='word_1_33' title='bbox 973 953 1065 1018; x_wconf 86' lang='lat' dir='ltr'>suani</span> <span class='ocrx_word' id='word_1_34' title='bbox 1099 957 1131 1017; x_wconf 91' lang='lat' dir='ltr'>et</span> <span class='ocrx_word' id='word_1_35' title='bbox 1162 955 1338 1036; x_wconf 88' lang='lat' dir='ltr'>pernicioso</span> <span class='ocrx_word' id='word_1_36' title='bbox 1367 959 1384 1011; x_wconf 85' lang='lat'>2</span> 
     </span>
    </p>

    <p class='ocr_par' dir='ltr' id='par_1_3' title="bbox 154 1054 1339 1566">
     <span class='ocr_line' id='line_1_6' title="bbox 154 1054 1338 1141; baseline 0.012 -29"><span class='ocrx_word' id='word_1_37' title='bbox 154 1056 289 1136; x_wconf 72' lang='lat' dir='ltr'>egestu</span> <span class='ocrx_word' id='word_1_38' title='bbox 318 1054 493 1136; x_wconf 88' lang='lat' dir='ltr'>suscipitur</span> <span class='ocrx_word' id='word_1_39' title='bbox 519 1054 604 1119; x_wconf 86' lang='lat' dir='ltr'>sellis</span> <span class='ocrx_word' id='word_1_40' title='bbox 633 1057 748 1139; x_wconf 83' lang='lat' dir='ltr'>gustus</span> <span class='ocrx_word' id='word_1_41' title='bbox 782 1059 814 1121; x_wconf 89' lang='lat' dir='ltr'>et</span> <span class='ocrx_word' id='word_1_42' title='bbox 845 1075 931 1121; x_wconf 90' lang='lat' dir='ltr'>mors</span> <span class='ocrx_word' id='word_1_43' title='bbox 963 1078 1019 1139; x_wconf 89' lang='lat' dir='ltr'>pro</span> <span class='ocrx_word' id='word_1_44' title='bbox 1051 1063 1153 1124; x_wconf 87' lang='lat' dir='ltr'>morte</span> <span class='ocrx_word' id='word_1_45' title='bbox 1186 1065 1338 1141; x_wconf 89' lang='lat' dir='ltr'>mutatur,</span> 
     </span>
     <span class='ocr_line' id='line_1_7' title="bbox 186 1161 1337 1251; baseline 0.01 -28"><span class='ocrx_word' id='word_1_46' title='bbox 186 1161 336 1224; x_wconf 88' lang='lat' dir='ltr'>tenebrae</span> <span class='ocrx_word' id='word_1_47' title='bbox 359 1181 417 1243; x_wconf 90' lang='lat' dir='ltr'>pro</span> <span class='ocrx_word' id='word_1_48' title='bbox 441 1161 590 1238; x_wconf 85' lang='lat' dir='ltr'>tenebris,</span> <span class='ocrx_word' id='word_1_49' title='bbox 615 1164 779 1246; x_wconf 88' lang='lat' dir='ltr'>sepultura</span> <span class='ocrx_word' id='word_1_50' title='bbox 802 1183 857 1246; x_wconf 90' lang='lat' dir='ltr'>pro</span> <span class='ocrx_word' id='word_1_51' title='bbox 878 1166 1052 1247; x_wconf 88' lang='lat' dir='ltr'>sepultura,</span> <span class='ocrx_word' id='word_1_52' title='bbox 1076 1169 1263 1232; x_wconf 90' lang='lat' dir='ltr'>resurrectio</span> <span class='ocrx_word' id='word_1_53' title='bbox 1282 1189 1337 1251; x_wconf 88' lang='lat' dir='ltr'>pro</span> 
     </span>
     <span class='ocr_line' id='line_1_8' title="bbox 186 1268 1339 1356; baseline 0.009 -27"><span class='ocrx_word' id='word_1_54' title='bbox 186 1268 426 1332; x_wconf 88' lang='lat' dir='ltr'>resurrectione.</span> <span class='ocrx_word' id='word_1_55' title='bbox 455 1269 532 1332; x_wconf 89' lang='lat' dir='ltr'>haec</span> <span class='ocrx_word' id='word_1_56' title='bbox 556 1269 661 1334; x_wconf 89' lang='lat' dir='ltr'>omnia</span> <span class='ocrx_word' id='word_1_57' title='bbox 685 1288 760 1334; x_wconf 86' lang='lat' dir='ltr'>cura</span> <span class='ocrx_word' id='word_1_58' title='bbox 784 1270 1037 1356; x_wconf 84' lang='lat' dir='ltr'>quaednmerga</span> <span class='ocrx_word' id='word_1_59' title='bbox 1066 1291 1123 1338; x_wconf 89' lang='lat' dir='ltr'>nos</span> <span class='ocrx_word' id='word_1_60' title='bbox 1152 1277 1201 1338; x_wconf 87' lang='lat' dir='ltr'>est</span> <span class='ocrx_word' id='word_1_61' title='bbox 1229 1274 1280 1338; x_wconf 89' lang='lat' dir='ltr'>dei</span> <span class='ocrx_word' id='word_1_62' title='bbox 1307 1280 1339 1340; x_wconf 90' lang='lat' dir='ltr'>et</span> 
     </span>
     <span class='ocr_line' id='line_1_9' title="bbox 186 1374 1337 1446; baseline 0.007 -8"><span class='ocrx_word' id='word_1_63' title='bbox 186 1374 344 1440; x_wconf 86' lang='lat' dir='ltr'>medicina</span> <span class='ocrx_word' id='word_1_64' title='bbox 370 1374 564 1440; x_wconf 86' lang='lat' dir='ltr'>infirmitatis</span> <span class='ocrx_word' id='word_1_65' title='bbox 593 1378 717 1440; x_wconf 88' lang='lat' dir='ltr'>nostrae</span> <span class='ocrx_word' id='word_1_66' title='bbox 746 1380 885 1442; x_wconf 89' lang='lat' dir='ltr'>ueterem</span> <span class='ocrx_word' id='word_1_67' title='bbox 914 1377 1015 1442; x_wconf 82' lang='lat' dir='ltr'>Adam</span> <span class='ocrx_word' id='word_1_68' title='bbox 1044 1379 1083 1444; x_wconf 89' lang='lat' dir='ltr'>ad</span> <span class='ocrx_word' id='word_1_69' title='bbox 1112 1399 1183 1444; x_wconf 90' lang='lat' dir='ltr'>eum</span> <span class='ocrx_word' id='word_1_70' title='bbox 1217 1383 1337 1446; x_wconf 89' lang='lat' dir='ltr'>statum</span> 
     </span>
     <span class='ocr_line' id='line_1_10' title="bbox 186 1481 1337 1566; baseline 0.006 -20"><span class='ocrx_word' id='word_1_71' title='bbox 186 1483 270 1547; x_wconf 89' lang='lat' dir='ltr'>unde</span> <span class='ocrx_word' id='word_1_72' title='bbox 299 1481 416 1547; x_wconf 87' lang='lat' dir='ltr'>decidit</span> <span class='ocrx_word' id='word_1_73' title='bbox 443 1502 589 1564; x_wconf 85' lang='lat' dir='ltr'>reparans</span> <span class='ocrx_word' id='word_1_74' title='bbox 618 1486 650 1546; x_wconf 89' lang='lat' dir='ltr'>et</span> <span class='ocrx_word' id='word_1_75' title='bbox 676 1484 850 1549; x_wconf 88' lang='lat' dir='ltr'>reformans</span> <span class='ocrx_word' id='word_1_76' title='bbox 879 1489 973 1566; x_wconf 87' lang='lat' dir='ltr'>atque</span> <span class='ocrx_word' id='word_1_77' title='bbox 1006 1486 1045 1550; x_wconf 91' lang='lat' dir='ltr'>ad</span> <span class='ocrx_word' id='word_1_78' title='bbox 1077 1487 1219 1551; x_wconf 85' lang='lat' dir='ltr'>arborem</span> <span class='ocrx_word' id='word_1_79' title='bbox 1248 1489 1337 1553; x_wconf 91' lang='lat' dir='ltr'>uitae</span> 
     </span>
    </p>

    <p class='ocr_par' dir='ltr' id='par_1_4' title="bbox 140 1586 1337 1778">
     <span class='ocr_line' id='line_1_11' title="bbox 140 1586 1337 1677; baseline 0.012 -32"><span class='ocrx_word' id='word_1_80' title='bbox 140 1603 168 1646; x_wconf 94' lang='lat' dir='ltr'>1o</span> <span class='ocrx_word' id='word_1_81' title='bbox 185 1589 371 1666; x_wconf 87' lang='lat' dir='ltr'>restituens,</span> <span class='ocrx_word' id='word_1_82' title='bbox 408 1586 490 1652; x_wconf 88' lang='lat' dir='ltr'>unde</span> <span class='ocrx_word' id='word_1_83' title='bbox 523 1607 580 1654; x_wconf 93' lang='lat' dir='ltr'>nos</span> <span class='ocrx_word' id='word_1_84' title='bbox 614 1588 705 1653; x_wconf 87' lang='lat' dir='ltr'>arbor</span> <span class='ocrx_word' id='word_1_85' title='bbox 737 1589 857 1654; x_wconf 90' lang='lat' dir='ltr'>sciendi</span> <span class='ocrx_word' id='word_1_86' title='bbox 888 1591 962 1654; x_wconf 92' lang='lat' dir='ltr'>boni</span> <span class='ocrx_word' id='word_1_87' title='bbox 996 1594 1028 1655; x_wconf 92' lang='lat' dir='ltr'>et</span> <span class='ocrx_word' id='word_1_88' title='bbox 1060 1593 1135 1656; x_wconf 87' lang='lat' dir='ltr'>mali</span> <span class='ocrx_word' id='word_1_89' title='bbox 1171 1593 1337 1677; x_wconf 88' lang='lat' dir='ltr'>inportune</span> 
     </span>
     <span class='ocr_line' id='line_1_12' title="bbox 187 1696 828 1778; baseline 0.003 -19"><span class='ocrx_word' id='word_1_90' title='bbox 187 1700 220 1759; x_wconf 90' lang='lat' dir='ltr'>st</span> <span class='ocrx_word' id='word_1_91' title='bbox 243 1698 330 1760; x_wconf 85' lang='lat' dir='ltr'>extra</span> <span class='ocrx_word' id='word_1_92' title='bbox 352 1699 479 1778; x_wconf 87' lang='lat' dir='ltr'>tempus</span> <span class='ocrx_word' id='word_1_93' title='bbox 503 1699 632 1776; x_wconf 88' lang='lat' dir='ltr'>sumpta</span> <span class='ocrx_word' id='word_1_94' title='bbox 656 1696 828 1778; x_wconf 88' lang='lat' dir='ltr'>depulerat.</span> 
     </span>
    </p>

    <p class='ocr_par' dir='ltr' id='par_1_5' title="bbox 186 1802 1337 2102">
     <span class='ocr_line' id='line_1_13' title="bbox 232 1802 1337 1886; baseline 0.007 -22"><span class='ocrx_word' id='word_1_95' title='bbox 232 1803 284 1866; x_wconf 86' lang='grc'>26.</span> <span class='ocrx_word' id='word_1_96' title='bbox 321 1802 426 1866; x_wconf 84' lang='grc' dir='ltr'>Η2122</span> <span class='ocrx_word' id='word_1_97' title='bbox 460 1821 532 1886; x_wconf 84' lang='lat' dir='ltr'>ergo</span> <span class='ocrx_word' id='word_1_98' title='bbox 565 1821 622 1867; x_wconf 92' lang='lat' dir='ltr'>nos</span> <span class='ocrx_word' id='word_1_99' title='bbox 655 1802 830 1868; x_wconf 84' lang='lat' dir='ltr'>medicinae</span> <span class='ocrx_word' id='word_1_100' title='bbox 862 1807 895 1868; x_wconf 90' lang='lat' dir='ltr'>et</span> <span class='ocrx_word' id='word_1_101' title='bbox 927 1804 1098 1870; x_wconf 86' lang='lat' dir='ltr'>curationis</span> <span class='ocrx_word' id='word_1_102' title='bbox 1130 1806 1267 1870; x_wconf 89' lang='lat' dir='ltr'>ministri</span> <span class='ocrx_word' id='word_1_103' title='bbox 1306 1811 1337 1873; x_wconf 92' lang='lat' dir='ltr'>et</span> 
     </span>
     <span class='ocr_line' id='line_1_14' title="bbox 187 1909 1336 1996; baseline 0.005 -24"><span class='ocrx_word' id='word_1_104' title='bbox 187 1909 347 1974; x_wconf 89' lang='lat' dir='ltr'>adiutores</span> <span class='ocrx_word' id='word_1_105' title='bbox 381 1927 502 1986; x_wconf 92' lang='lat' dir='ltr'>sumus,</span> <span class='ocrx_word' id='word_1_106' title='bbox 535 1911 727 1992; x_wconf 89' lang='lat' dir='ltr'>quicumque</span> <span class='ocrx_word' id='word_1_107' title='bbox 755 1927 902 1993; x_wconf 88' lang='lat' dir='ltr'>praeesse</span> <span class='ocrx_word' id='word_1_108' title='bbox 932 1912 1059 1994; x_wconf 91' lang='lat' dir='ltr'>populis</span> <span class='ocrx_word' id='word_1_109' title='bbox 1092 1912 1248 1978; x_wconf 89' lang='lat' dir='ltr'>uidemur.</span> <span class='ocrx_word' id='word_1_110' title='bbox 1282 1915 1336 1996; x_wconf 90' lang='lat' dir='ltr'>qui</span> 
     </span>
     <span class='ocr_line' id='line_1_15' title="bbox 186 2015 1335 2102; baseline 0.004 -23"><span class='ocrx_word' id='word_1_111' title='bbox 186 2015 293 2080; x_wconf 87' lang='lat' dir='ltr'>nescio</span> <span class='ocrx_word' id='word_1_112' title='bbox 318 2035 355 2079; x_wconf 90' lang='lat' dir='ltr'>au</span> <span class='ocrx_word' id='word_1_113' title='bbox 378 2015 410 2079; x_wconf 93' lang='lat' dir='ltr'>in</span> <span class='ocrx_word' id='word_1_114' title='bbox 433 2016 466 2080; x_wconf 93' lang='lat' dir='ltr'>id</span> <span class='ocrx_word' id='word_1_115' title='bbox 491 2017 596 2081; x_wconf 89' lang='lat' dir='ltr'>saltim</span> <span class='ocrx_word' id='word_1_116' title='bbox 626 2018 864 2099; x_wconf 81' lang='lat' dir='ltr'>profecerimus,</span> <span class='ocrx_word' id='word_1_117' title='bbox 892 2020 929 2082; x_wconf 88' lang='lat' dir='ltr'>ut</span> <span class='ocrx_word' id='word_1_118' title='bbox 956 2019 1009 2082; x_wconf 90' lang='lat' dir='ltr'>uel</span> <span class='ocrx_word' id='word_1_119' title='bbox 1037 2019 1179 2102; x_wconf 90' lang='lat' dir='ltr'>proprias</span> <span class='ocrx_word' id='word_1_120' title='bbox 1208 2021 1335 2084; x_wconf 87' lang='lat' dir='ltr'>infirmi-</span> 
     </span>
    </p>

    <p class='ocr_par' dir='ltr' id='par_1_6' title="bbox 137 2122 1337 2314">
     <span class='ocr_line' id='line_1_16' title="bbox 137 2122 1337 2208; baseline 0.01 -30"><span class='ocrx_word' id='word_1_121' title='bbox 137 2139 166 2182; x_wconf 79' lang='grc'>12</span> <span class='ocrx_word' id='word_1_122' title='bbox 185 2124 269 2186; x_wconf 87' lang='grc'>12122</span> <span class='ocrx_word' id='word_1_123' title='bbox 295 2139 402 2186; x_wconf 85' lang='lat' dir='ltr'>curere</span> <span class='ocrx_word' id='word_1_124' title='bbox 426 2123 600 2199; x_wconf 90' lang='lat' dir='ltr'>ualeamus,</span> <span class='ocrx_word' id='word_1_125' title='bbox 625 2123 739 2186; x_wconf 91' lang='lat' dir='ltr'>nedum</span> <span class='ocrx_word' id='word_1_126' title='bbox 766 2122 876 2187; x_wconf 90' lang='lat' dir='ltr'>alienis</span> <span class='ocrx_word' id='word_1_127' title='bbox 899 2124 1106 2208; x_wconf 84' lang='lat' dir='ltr'>languoribus</span> <span class='ocrx_word' id='word_1_128' title='bbox 1130 2126 1282 2191; x_wconf 89' lang='lat' dir='ltr'>medicari</span> <span class='ocrx_word' id='word_1_129' title='bbox 1305 2131 1337 2191; x_wconf 90' lang='lat' dir='ltr'>et</span> 
     </span>
     <span class='ocr_line' id='line_1_17' title="bbox 186 2227 1059 2314; baseline 0.006 -23"><span class='ocrx_word' id='word_1_130' title='bbox 186 2228 362 2292; x_wconf 88' lang='lat' dir='ltr'>animarum</span> <span class='ocrx_word' id='word_1_131' title='bbox 387 2227 528 2292; x_wconf 89' lang='lat' dir='ltr'>maculas</span> <span class='ocrx_word' id='word_1_132' title='bbox 552 2228 691 2294; x_wconf 89' lang='lat' dir='ltr'>sollicita</span> <span class='ocrx_word' id='word_1_133' title='bbox 715 2229 890 2294; x_wconf 86' lang='lat' dir='ltr'>eruditione</span> <span class='ocrx_word' id='word_1_134' title='bbox 914 2251 1059 2314; x_wconf 84' lang='lat' dir='ltr'>purgare.</span> 
     </span>
    </p>

    <p class='ocr_par' dir='ltr' id='par_1_7' title="bbox 185 2329 1337 2634">
     <span class='ocr_line' id='line_1_18' title="bbox 233 2329 1334 2424; baseline 0.006 -26"><span class='ocrx_word' id='word_1_135' title='bbox 233 2337 284 2400; x_wconf 84' lang='lat'>27.</span> <span class='ocrx_word' id='word_1_136' title='bbox 319 2335 399 2399; x_wconf 81' lang='lat' dir='ltr'>Tum</span> <span class='ocrx_word' id='word_1_137' title='bbox 428 2336 539 2400; x_wconf 90' lang='lat' dir='ltr'>deinde</span> <span class='ocrx_word' id='word_1_138' title='bbox 567 2355 732 2419; x_wconf 91' lang='lat' dir='ltr'>corporum</span> <span class='ocrx_word' id='word_1_139' title='bbox 766 2337 893 2420; x_wconf 90' lang='lat' dir='ltr'>quidem</span> <span class='ocrx_word' id='word_1_140' title='bbox 927 2338 1040 2403; x_wconf 88' lang='lat' dir='ltr'>medici</span> <span class='ocrx_word' id='word_1_141' title='bbox 1072 2329 1221 2419; x_wconf 84' lang='lat' dir='ltr'>laborem,</span> <span class='ocrx_word' id='word_1_142' title='bbox 1255 2341 1334 2424; x_wconf 82' lang='lat' dir='ltr'>uigi-</span> 
     </span>
     <span class='ocr_line' id='line_1_19' title="bbox 185 2441 1336 2530; baseline 0.006 -25"><span class='ocrx_word' id='word_1_143' title='bbox 185 2442 247 2507; x_wconf 87' lang='lat' dir='ltr'>lias</span> <span class='ocrx_word' id='word_1_144' title='bbox 271 2461 307 2506; x_wconf 87' lang='lat' dir='ltr'>ao</span> <span class='ocrx_word' id='word_1_145' title='bbox 335 2441 565 2507; x_wconf 89' lang='lat' dir='ltr'>sollicitudines</span> <span class='ocrx_word' id='word_1_146' title='bbox 594 2444 731 2508; x_wconf 90' lang='lat' dir='ltr'>tolerant</span> <span class='ocrx_word' id='word_1_147' title='bbox 758 2449 799 2521; x_wconf 88' lang='lat' dir='ltr'>et,</span> <span class='ocrx_word' id='word_1_148' title='bbox 829 2445 914 2509; x_wconf 89' lang='lat' dir='ltr'>sicut</span> <span class='ocrx_word' id='word_1_149' title='bbox 942 2445 986 2509; x_wconf 91' lang='lat' dir='ltr'>ait</span> <span class='ocrx_word' id='word_1_150' title='bbox 1014 2445 1141 2527; x_wconf 91' lang='lat' dir='ltr'>quidam</span> <span class='ocrx_word' id='word_1_151' title='bbox 1170 2447 1336 2530; x_wconf 88' lang='lat' dir='ltr'>sapientis·</span> 
     </span>
     <span class='ocr_line' id='line_1_20' title="bbox 187 2551 1337 2634; baseline 0.002 -19"><span class='ocrx_word' id='word_1_152' title='bbox 187 2553 288 2616; x_wconf 89' lang='lat' dir='ltr'>simus</span> <span class='ocrx_word' id='word_1_153' title='bbox 326 2569 445 2628; x_wconf 88' lang='lat' dir='ltr'>eorum,</span> <span class='ocrx_word' id='word_1_154' title='bbox 469 2551 601 2628; x_wconf 51' lang='lat' dir='ltr'>¹alienos</span> <span class='ocrx_word' id='word_1_155' title='bbox 640 2569 732 2614; x_wconf 90' lang='lat' dir='ltr'>casus</span> <span class='ocrx_word' id='word_1_156' title='bbox 770 2551 906 2634; x_wconf 88' lang='lat' dir='ltr'>propriis</span> <span class='ocrx_word' id='word_1_157' title='bbox 944 2552 1137 2617; x_wconf 88' lang='lat' dir='ltr'>maeroribus</span> <span class='ocrx_word' id='word_1_158' title='bbox 1178 2554 1337 2634; x_wconf 86' lang='lat' dir='ltr'>perferunt</span> 
     </span>
    </p>

    <p class='ocr_par' dir='ltr' id='par_1_8' title="bbox 139 2657 1435 3168">
     <span class='ocr_line' id='line_1_21' title="bbox 139 2657 1336 2740; baseline 0.001 -17"><span class='ocrx_word' id='word_1_159' title='bbox 139 2671 170 2714; x_wconf 83' lang='lat'>2⁰</span> <span class='ocrx_word' id='word_1_160' title='bbox 188 2658 295 2740; x_wconf 92' lang='lat' dir='ltr'>aliqua</span> <span class='ocrx_word' id='word_1_161' title='bbox 317 2657 379 2739; x_wconf 89' lang='lat' dir='ltr'>ipsi</span> <span class='ocrx_word' id='word_1_162' title='bbox 397 2657 522 2740; x_wconf 92' lang='lat' dir='ltr'>proprio</span> <span class='ocrx_word' id='word_1_163' title='bbox 541 2657 647 2722; x_wconf 89' lang='lat' dir='ltr'>labore</span> <span class='ocrx_word' id='word_1_164' title='bbox 667 2658 864 2740; x_wconf 82' lang='lat' dir='ltr'>exquirentes</span> <span class='ocrx_word' id='word_1_165' title='bbox 885 2661 917 2722; x_wconf 91' lang='lat' dir='ltr'>et</span> <span class='ocrx_word' id='word_1_166' title='bbox 935 2659 1133 2723; x_wconf 86' lang='lat' dir='ltr'>inuenientes</span> <span class='ocrx_word' id='word_1_167' title='bbox 1153 2660 1192 2724; x_wconf 89' lang='lat' dir='ltr'>ad</span> <span class='ocrx_word' id='word_1_168' title='bbox 1210 2661 1336 2724; x_wconf 87' lang='lat' dir='ltr'>meden-</span> 
     </span>
     <span class='ocr_line' id='line_1_22' title="bbox 189 2764 1337 2847; baseline 0.003 -19"><span class='ocrx_word' id='word_1_169' title='bbox 189 2765 275 2846; x_wconf 86' lang='lat' dir='ltr'>dum,</span> <span class='ocrx_word' id='word_1_170' title='bbox 299 2765 414 2846; x_wconf 85' lang='lat' dir='ltr'>aliqua</span> <span class='ocrx_word' id='word_1_171' title='bbox 440 2765 537 2828; x_wconf 89' lang='lat' dir='ltr'>etiam</span> <span class='ocrx_word' id='word_1_172' title='bbox 564 2764 602 2828; x_wconf 90' lang='lat' dir='ltr'>ab</span> <span class='ocrx_word' id='word_1_173' title='bbox 632 2765 702 2828; x_wconf 91' lang='lat' dir='ltr'>aliis</span> <span class='ocrx_word' id='word_1_174' title='bbox 730 2768 924 2843; x_wconf 84' lang='lat' dir='ltr'>mutuantes,</span> <span class='ocrx_word' id='word_1_175' title='bbox 959 2769 991 2829; x_wconf 90' lang='lat' dir='ltr'>et</span> <span class='ocrx_word' id='word_1_176' title='bbox 1018 2765 1097 2829; x_wconf 89' lang='lat' dir='ltr'>nihil</span> <span class='ocrx_word' id='word_1_177' title='bbox 1123 2785 1253 2847; x_wconf 89' lang='lat' dir='ltr'>prorsus</span> <span class='ocrx_word' id='word_1_178' title='bbox 1288 2771 1337 2832; x_wconf 89' lang='lat' dir='ltr'>est</span> 
     </span>
     <span class='ocr_line' id='line_1_23' title="bbox 189 2871 1383 2956; baseline 0 -21"><span class='ocrx_word' id='word_1_179' title='bbox 189 2872 274 2954; x_wconf 93' lang='lat' dir='ltr'>quod</span> <span class='ocrx_word' id='word_1_180' title='bbox 293 2890 347 2936; x_wconf 90' lang='lat' dir='ltr'>eos</span> <span class='ocrx_word' id='word_1_181' title='bbox 365 2875 550 2952; x_wconf 89' lang='lat' dir='ltr'>praetereat.</span> <span class='ocrx_word' id='word_1_182' title='bbox 571 2891 608 2935; x_wconf 88' lang='lat' dir='ltr'>ne</span> <span class='ocrx_word' id='word_1_183' title='bbox 627 2871 794 2936; x_wconf 91' lang='lat' dir='ltr'>minimum</span> <span class='ocrx_word' id='word_1_184' title='bbox 814 2872 941 2954; x_wconf 91' lang='lat' dir='ltr'>quidem</span> <span class='ocrx_word' id='word_1_185' title='bbox 956 2873 1139 2956; x_wconf 82' lang='lat' dir='ltr'>neglegunt,</span> <span class='ocrx_word' id='word_1_186' title='bbox 1160 2873 1215 2937; x_wconf 88' lang='lat' dir='ltr'>sed</span> <span class='ocrx_word' id='word_1_187' title='bbox 1235 2873 1339 2938; x_wconf 86' lang='lat' dir='ltr'>omnia</span> <span class='ocrx_word' id='word_1_188' title='bbox 1365 2884 1383 2935; x_wconf 83' lang='grc'>2</span> 
     </span>
     <span class='ocr_line' id='line_1_24' title="bbox 189 2978 1435 3062; baseline -0.002 -22"><span class='ocrx_word' id='word_1_189' title='bbox 189 2997 306 3062; x_wconf 86' lang='lat' dir='ltr'>magna</span> <span class='ocrx_word' id='word_1_190' title='bbox 328 2982 360 3042; x_wconf 90' lang='lat' dir='ltr'>et</span> <span class='ocrx_word' id='word_1_191' title='bbox 383 2997 508 3044; x_wconf 90' lang='lat' dir='ltr'>summa</span> <span class='ocrx_word' id='word_1_192' title='bbox 527 2978 689 3060; x_wconf 86' lang='lat' dir='ltr'>deputant,</span> <span class='ocrx_word' id='word_1_193' title='bbox 714 2980 932 3061; x_wconf 85' lang='lat' dir='ltr'>quaecumque</span> <span class='ocrx_word' id='word_1_194' title='bbox 952 2978 991 3042; x_wconf 94' lang='lat' dir='ltr'>ad</span> <span class='ocrx_word' id='word_1_195' title='bbox 1011 2979 1177 3043; x_wconf 90' lang='lat' dir='ltr'>sanitatem</span> <span class='ocrx_word' id='word_1_196' title='bbox 1199 2979 1338 3061; x_wconf 91' lang='lat' dir='ltr'>corporis</span> <span class='ocrx_word' id='word_1_197' title='bbox 1434 3035 1435 3038; x_wconf 74' lang='grc'>,</span> 
     </span>
     <span class='ocr_line' id='line_1_25' title="bbox 190 3083 1340 3168; baseline 0.001 -21"><span class='ocrx_word' id='word_1_198' title='bbox 190 3083 310 3166; x_wconf 90' lang='lat' dir='ltr'>aliquid</span> <span class='ocrx_word' id='word_1_199' title='bbox 343 3083 516 3162; x_wconf 87' lang='lat' dir='ltr'>conferunt,</span> <span class='ocrx_word' id='word_1_200' title='bbox 555 3102 715 3147; x_wconf 92' lang='lat' dir='ltr'>summum</span> <span class='ocrx_word' id='word_1_201' title='bbox 752 3083 870 3148; x_wconf 90' lang='lat' dir='ltr'>bonum</span> <span class='ocrx_word' id='word_1_202' title='bbox 907 3087 1066 3165; x_wconf 72' lang='lat' dir='ltr'>putantes</span> <span class='ocrx_word' id='word_1_203' title='bbox 1106 3083 1133 3148; x_wconf 89' lang='lat' dir='ltr'>si</span> <span class='ocrx_word' id='word_1_204' title='bbox 1172 3085 1247 3166; x_wconf 91' lang='lat' dir='ltr'>quid</span> <span class='ocrx_word' id='word_1_205' title='bbox 1283 3104 1340 3168; x_wconf 89' lang='lat' dir='ltr'>per</span> 
     </span>
    </p>
   </div>
   <div class='ocr_carea' id='block_1_3' title="bbox 194 3253 1339 3450">
    <p class='ocr_par' dir='ltr' id='par_1_9' title="bbox 194 3253 1339 3450">
     <span class='ocr_line' id='line_1_26' title="bbox 282 3253 1339 3362; baseline 0.001 -16"><span class='ocrx_word' id='word_1_206' title='bbox 282 3294 298 3346; x_wconf 92' lang='grc'>2</span> <span class='ocrx_word' id='word_1_207' title='bbox 318 3294 350 3348; x_wconf 74' lang='lat' dir='ltr'>af.</span> <span class='ocrx_word' id='word_1_208' title='bbox 371 3293 438 3348; x_wconf 68' lang='lat' dir='ltr'>san.</span> <span class='ocrx_word' id='word_1_209' title='bbox 458 3293 483 3362; x_wconf 87' lang='lat' dir='ltr'>s,</span> <span class='ocrx_word' id='word_1_210' title='bbox 503 3294 539 3346; x_wconf 81' lang='lat'>24</span> <span class='ocrx_word' id='word_1_211' title='bbox 593 3253 765 3348; x_wconf 72' lang='grc'>122221.</span> <span class='ocrx_word' id='word_1_212' title='bbox 786 3295 811 3357; x_wconf 86' lang='lat' dir='ltr'>s,</span> <span class='ocrx_word' id='word_1_213' title='bbox 831 3294 856 3348; x_wconf 82' lang='lat' dir='ltr'>s.</span> <span class='ocrx_word' id='word_1_214' title='bbox 876 3293 910 3346; x_wconf 89' lang='grc'>22</span> <span class='ocrx_word' id='word_1_215' title='bbox 973 3294 1005 3346; x_wconf 91' lang='grc'>12</span> <span class='ocrx_word' id='word_1_216' title='bbox 1025 3292 1057 3346; x_wconf 76' lang='lat' dir='ltr'>cf.</span> <span class='ocrx_word' id='word_1_217' title='bbox 1077 3293 1089 3345; x_wconf 92' lang='lat'><em>1</em></span> <span class='ocrx_word' id='word_1_218' title='bbox 1110 3291 1169 3347; x_wconf 75' lang='lat' dir='ltr'>cor.</span> <span class='ocrx_word' id='word_1_219' title='bbox 1188 3295 1214 3360; x_wconf 84' lang='lat'>4,</span> <span class='ocrx_word' id='word_1_220' title='bbox 1234 3295 1257 3347; x_wconf 93' lang='lat'>1.</span> <span class='ocrx_word' id='word_1_221' title='bbox 1278 3293 1339 3357; x_wconf 79' lang='lat' dir='ltr'>as</span> 
     </span>
     <span class='ocr_line' id='line_1_27' title="bbox 194 3380 859 3450; baseline -0.003 -14"><span class='ocrx_word' id='word_1_222' title='bbox 194 3382 226 3436; x_wconf 88' lang='grc'>18</span> <span class='ocrx_word' id='word_1_223' title='bbox 246 3381 278 3436; x_wconf 83' lang='grc'>21.</span> <span class='ocrx_word' id='word_1_224' title='bbox 299 3381 602 3450; x_wconf 77' lang='lat' dir='ltr'>Pseudo-Hippocrates</span> <span class='ocrx_word' id='word_1_225' title='bbox 622 3380 654 3434; x_wconf 90' lang='lat' dir='ltr'>de</span> <span class='ocrx_word' id='word_1_226' title='bbox 673 3381 784 3434; x_wconf 87' lang='lat' dir='ltr'>datibus</span> <span class='ocrx_word' id='word_1_227' title='bbox 805 3397 826 3434; x_wconf 90' lang='lat' dir='ltr'>c.</span> <span class='ocrx_word' id='word_1_228' title='bbox 848 3382 859 3434; x_wconf 95' lang='lat'>1</span> 
     </span>
    </p>
   </div>
   <div class='ocr_carea' id='block_1_4' title="bbox 193 3522 1343 4379">
    <p class='ocr_par' dir='ltr' id='par_1_10' title="bbox 193 3522 1343 4379">
     <span class='ocr_line' id='line_1_28' title="bbox 230 3522 1339 3590; baseline 0 -14"><span class='ocrx_word' id='word_1_229' title='bbox 230 3525 428 3578; x_wconf 86' lang='lat' dir='ltr'>laduersuso</span> <span class='ocrx_word' id='word_1_230' title='bbox 510 3523 682 3578; x_wconf 83' lang='grc'>22122220</span> <span class='ocrx_word' id='word_1_231' title='bbox 767 3522 933 3577; x_wconf 84' lang='lat' dir='ltr'>eiceruntO</span> <span class='ocrx_word' id='word_1_232' title='bbox 1004 3523 1169 3576; x_wconf 83' lang='grc'>4212112112</span> <span class='ocrx_word' id='word_1_233' title='bbox 1189 3523 1227 3590; x_wconf 87' lang='grc'>(21</span> <span class='ocrx_word' id='word_1_234' title='bbox 1246 3540 1279 3577; x_wconf 82' lang='lat' dir='ltr'>eac</span> <span class='ocrx_word' id='word_1_235' title='bbox 1298 3523 1339 3588; x_wconf 88' lang='lat' dir='ltr'>ul;</span> 
     </span>
     <span class='ocr_line' id='line_1_29' title="bbox 193 3611 1341 3684; baseline -0.002 -18"><span class='ocrx_word' id='word_1_236' title='bbox 193 3616 224 3666; x_wconf 80' lang='lat' dir='ltr'>in</span> <span class='ocrx_word' id='word_1_237' title='bbox 250 3632 301 3684; x_wconf 77' lang='lat' dir='ltr'>mq.</span> <span class='ocrx_word' id='word_1_238' title='bbox 323 3615 337 3667; x_wconf 84' lang='lat' dir='ltr'>l</span> <span class='ocrx_word' id='word_1_239' title='bbox 361 3615 461 3680; x_wconf 83' lang='grc'>212112)</span> <span class='ocrx_word' id='word_1_240' title='bbox 489 3614 516 3667; x_wconf 87' lang='lat' dir='ltr'><strong><em>A</em></strong></span> <span class='ocrx_word' id='word_1_241' title='bbox 618 3614 812 3682; x_wconf 64' lang='lat' dir='ltr'>&amp;suscepitur</span> <span class='ocrx_word' id='word_1_242' title='bbox 843 3611 941 3667; x_wconf 77' lang='grc'>0022.</span> <span class='ocrx_word' id='word_1_243' title='bbox 1051 3613 1180 3682; x_wconf 84' lang='lat' dir='ltr'>mutatur]</span> <span class='ocrx_word' id='word_1_244' title='bbox 1214 3615 1341 3681; x_wconf 82' lang='lat' dir='ltr'>gustatur</span> 
     </span>
     <span class='ocr_line' id='line_1_30' title="bbox 193 3701 1341 3772; baseline -0.003 -15"><span class='ocrx_word' id='word_1_245' title='bbox 193 3707 215 3771; x_wconf 89' lang='lat' dir='ltr'>(s</span> <span class='ocrx_word' id='word_1_246' title='bbox 233 3721 254 3758; x_wconf 87' lang='lat' dir='ltr'>s.</span> <span class='ocrx_word' id='word_1_247' title='bbox 276 3705 305 3769; x_wconf 95' lang='grc'>1.)</span> <span class='ocrx_word' id='word_1_248' title='bbox 324 3704 352 3759; x_wconf 85' lang='lat' dir='ltr'><em>R</em></span> <span class='ocrx_word' id='word_1_249' title='bbox 415 3705 498 3772; x_wconf 80' lang='lat' dir='ltr'>(ipro</span> <span class='ocrx_word' id='word_1_250' title='bbox 518 3702 664 3772; x_wconf 91' lang='lat' dir='ltr'>sepulturis</span> <span class='ocrx_word' id='word_1_251' title='bbox 683 3704 710 3754; x_wconf 82' lang='lat' dir='ltr'><strong><em>A</em></strong></span> <span class='ocrx_word' id='word_1_252' title='bbox 783 3707 811 3756; x_wconf 89' lang='lat' dir='ltr'>et</span> <span class='ocrx_word' id='word_1_253' title='bbox 829 3702 990 3756; x_wconf 86' lang='lat' dir='ltr'>resurrectio</span> <span class='ocrx_word' id='word_1_254' title='bbox 1015 3701 1041 3753; x_wconf 92' lang='lat' dir='ltr'><em>V</em></span> <span class='ocrx_word' id='word_1_255' title='bbox 1094 3701 1243 3770; x_wconf 79' lang='lat' dir='ltr'>lquadam</span> <span class='ocrx_word' id='word_1_256' title='bbox 1262 3701 1341 3769; x_wconf 76' lang='lat' dir='ltr'>Rpc.</span> 
     </span>
     <span class='ocr_line' id='line_1_31' title="bbox 194 3788 1342 3862; baseline -0.005 -16"><span class='ocrx_word' id='word_1_257' title='bbox 194 3792 303 3862; x_wconf 84' lang='lat' dir='ltr'>ergoO</span> <span class='ocrx_word' id='word_1_258' title='bbox 376 3791 536 3846; x_wconf 77' lang='grc'>22122211</span> <span class='ocrx_word' id='word_1_259' title='bbox 589 3790 659 3844; x_wconf 84' lang='grc'>821</span> <span class='ocrx_word' id='word_1_260' title='bbox 678 3807 738 3844; x_wconf 90' lang='lat' dir='ltr'>enm</span> <span class='ocrx_word' id='word_1_261' title='bbox 759 3789 855 3845; x_wconf 74' lang='grc'>21120</span> <span class='ocrx_word' id='word_1_262' title='bbox 914 3788 1098 3844; x_wconf 69' lang='grc'>9222111111</span> <span class='ocrx_word' id='word_1_263' title='bbox 1167 3793 1296 3857; x_wconf 86' lang='lat' dir='ltr'>reparant</span> <span class='ocrx_word' id='word_1_264' title='bbox 1314 3793 1342 3842; x_wconf 89' lang='lat' dir='ltr'>et</span> 
     </span>
     <span class='ocr_line' id='line_1_32' title="bbox 193 3877 1342 3950; baseline -0.003 -16"><span class='ocrx_word' id='word_1_265' title='bbox 193 3882 341 3936; x_wconf 83' lang='lat' dir='ltr'>reformant</span> <span class='ocrx_word' id='word_1_266' title='bbox 358 3880 386 3934; x_wconf 85' lang='lat' dir='ltr'><em>R</em></span> <span class='ocrx_word' id='word_1_267' title='bbox 460 3885 540 3950; x_wconf 84' lang='lat' dir='ltr'>atque</span> <span class='ocrx_word' id='word_1_268' title='bbox 561 3881 678 3934; x_wconf 85' lang='lat' dir='ltr'>etiamo</span> <span class='ocrx_word' id='word_1_269' title='bbox 752 3881 785 3934; x_wconf 89' lang='grc'>10</span> <span class='ocrx_word' id='word_1_270' title='bbox 803 3881 950 3933; x_wconf 87' lang='lat' dir='ltr'>restituent</span> <span class='ocrx_word' id='word_1_271' title='bbox 968 3884 996 3949; x_wconf 91' lang='grc'>(2</span> <span class='ocrx_word' id='word_1_272' title='bbox 1014 3896 1036 3932; x_wconf 84' lang='lat' dir='ltr'>s.</span> <span class='ocrx_word' id='word_1_273' title='bbox 1057 3879 1106 3932; x_wconf 84' lang='lat' dir='ltr'>alt.</span> <span class='ocrx_word' id='word_1_274' title='bbox 1126 3882 1151 3945; x_wconf 88' lang='grc'>2)</span> <span class='ocrx_word' id='word_1_275' title='bbox 1172 3878 1199 3932; x_wconf 82' lang='lat' dir='ltr'><em>R</em></span> <span class='ocrx_word' id='word_1_276' title='bbox 1276 3877 1342 3932; x_wconf 83' lang='lat' dir='ltr'>mali</span> 
     </span>
     <span class='ocr_line' id='line_1_33' title="bbox 195 3966 1341 4037; baseline -0.003 -12"><span class='ocrx_word' id='word_1_277' title='bbox 195 3975 223 4025; x_wconf 85' lang='grc'>21</span> <span class='ocrx_word' id='word_1_278' title='bbox 239 3970 305 4024; x_wconf 88' lang='lat' dir='ltr'>boni</span> <span class='ocrx_word' id='word_1_279' title='bbox 327 3969 469 4024; x_wconf 87' lang='lat' dir='ltr'>Obouum</span> <span class='ocrx_word' id='word_1_280' title='bbox 489 3975 518 4022; x_wconf 91' lang='lat' dir='ltr'>et</span> <span class='ocrx_word' id='word_1_281' title='bbox 535 3969 684 4023; x_wconf 87' lang='lat' dir='ltr'>malumV</span> <span class='ocrx_word' id='word_1_282' title='bbox 748 3971 781 4022; x_wconf 88' lang='grc'>14</span> <span class='ocrx_word' id='word_1_283' title='bbox 800 3969 982 4037; x_wconf 84' lang='lat' dir='ltr'>proficerimus</span> <span class='ocrx_word' id='word_1_284' title='bbox 1001 3966 1171 4035; x_wconf 76' lang='lat' dir='ltr'>ROV,Oa.c.</span> <span class='ocrx_word' id='word_1_285' title='bbox 1234 3967 1267 4019; x_wconf 82' lang='grc'>15</span> <span class='ocrx_word' id='word_1_286' title='bbox 1286 3983 1341 4021; x_wconf 83' lang='lat' dir='ltr'>rne-</span> 
     </span>
     <span class='ocr_line' id='line_1_34' title="bbox 195 4054 1343 4126; baseline -0.006 -12"><span class='ocrx_word' id='word_1_287' title='bbox 195 4059 346 4115; x_wconf 83' lang='lat' dir='ltr'>diciuario</span> <span class='ocrx_word' id='word_1_288' title='bbox 448 4060 479 4112; x_wconf 83' lang='lat'>17</span> <span class='ocrx_word' id='word_1_289' title='bbox 503 4057 570 4126; x_wconf 83' lang='lat' dir='ltr'>lab]</span> <span class='ocrx_word' id='word_1_290' title='bbox 599 4075 629 4112; x_wconf 87' lang='grc'>22</span> <span class='ocrx_word' id='word_1_291' title='bbox 653 4057 719 4110; x_wconf 80' lang='lat' dir='ltr'>add.</span> <span class='ocrx_word' id='word_1_292' title='bbox 746 4057 773 4110; x_wconf 88' lang='lat' dir='ltr'><em>V</em></span> <span class='ocrx_word' id='word_1_293' title='bbox 875 4057 907 4110; x_wconf 86' lang='grc'>18</span> <span class='ocrx_word' id='word_1_294' title='bbox 931 4057 1061 4118; x_wconf 83' lang='lat' dir='ltr'>tollerent</span> <span class='ocrx_word' id='word_1_295' title='bbox 1083 4054 1111 4109; x_wconf 87' lang='lat' dir='ltr'><strong><em>R</em></strong></span> <span class='ocrx_word' id='word_1_296' title='bbox 1135 4060 1266 4124; x_wconf 87' lang='lat' dir='ltr'>quaerant</span> <span class='ocrx_word' id='word_1_297' title='bbox 1292 4054 1343 4107; x_wconf 82' lang='lat' dir='ltr'>OA</span> 
     </span>
     <span class='ocr_line' id='line_1_35' title="bbox 195 4145 1342 4218; baseline -0.004 -16"><span class='ocrx_word' id='word_1_298' title='bbox 195 4148 303 4218; x_wconf 86' lang='lat' dir='ltr'>quidam</span> <span class='ocrx_word' id='word_1_299' title='bbox 325 4163 376 4201; x_wconf 84' lang='lat' dir='ltr'>om.</span> <span class='ocrx_word' id='word_1_300' title='bbox 395 4147 422 4202; x_wconf 86' lang='lat' dir='ltr'><em>R</em></span> <span class='ocrx_word' id='word_1_301' title='bbox 479 4147 511 4200; x_wconf 88' lang='grc'>19</span> <span class='ocrx_word' id='word_1_302' title='bbox 531 4147 633 4200; x_wconf 86' lang='grc'>21121122</span> <span class='ocrx_word' id='word_1_303' title='bbox 653 4163 746 4200; x_wconf 85' lang='lat' dir='ltr'>causas</span> <span class='ocrx_word' id='word_1_304' title='bbox 765 4147 881 4216; x_wconf 87' lang='lat' dir='ltr'>propriis</span> <span class='ocrx_word' id='word_1_305' title='bbox 905 4146 1006 4199; x_wconf 88' lang='lat' dir='ltr'>morbis</span> <span class='ocrx_word' id='word_1_306' title='bbox 1025 4145 1169 4214; x_wconf 82' lang='lat' dir='ltr'>pieruntc</span> <span class='ocrx_word' id='word_1_307' title='bbox 1241 4159 1342 4198; x_wconf 67' lang='lat' dir='ltr'>mecro-</span> 
     </span>
     <span class='ocr_line' id='line_1_36' title="bbox 193 4233 1343 4306; baseline -0.005 -16"><span class='ocrx_word' id='word_1_308' title='bbox 193 4236 314 4290; x_wconf 82' lang='lat' dir='ltr'>ribusO</span> <span class='ocrx_word' id='word_1_309' title='bbox 401 4235 558 4306; x_wconf 86' lang='lat' dir='ltr'>praeferunt</span> <span class='ocrx_word' id='word_1_310' title='bbox 576 4241 608 4303; x_wconf 87' lang='lat' dir='ltr'>(s.</span> <span class='ocrx_word' id='word_1_311' title='bbox 626 4236 639 4286; x_wconf 90' lang='lat' dir='ltr'>l</span> <span class='ocrx_word' id='word_1_312' title='bbox 657 4234 805 4305; x_wconf 80' lang='lat' dir='ltr'>perferunt)</span> <span class='ocrx_word' id='word_1_313' title='bbox 826 4237 872 4287; x_wconf 22' lang='lat' dir='ltr'>A*</span> <span class='ocrx_word' id='word_1_314' title='bbox 925 4235 960 4288; x_wconf 81' lang='lat'>24</span> <span class='ocrx_word' id='word_1_315' title='bbox 980 4233 1083 4303; x_wconf 89' lang='lat' dir='ltr'>aliquid</span> <span class='ocrx_word' id='word_1_316' title='bbox 1102 4250 1153 4286; x_wconf 84' lang='lat' dir='ltr'>om.</span> <span class='ocrx_word' id='word_1_317' title='bbox 1172 4233 1199 4288; x_wconf 84' lang='lat' dir='ltr'><em>R</em></span> <span class='ocrx_word' id='word_1_318' title='bbox 1281 4249 1343 4302; x_wconf 92' lang='lat' dir='ltr'>pro·</span> 
     </span>
     <span class='ocr_line' id='line_1_37' title="bbox 194 4324 337 4379; baseline 0 -1"><span class='ocrx_word' id='word_1_319' title='bbox 194 4326 286 4379; x_wconf 84' lang='lat' dir='ltr'>ferunt</span> <span class='ocrx_word' id='word_1_320' title='bbox 310 4324 337 4378; x_wconf 92' lang='lat' dir='ltr'><em>V</em></span> 
     </span>
    </p>
   </div>
   <div class='ocr_carea' id='block_1_5' title="bbox 0 0 1633 4988">
    <p class='ocr_par' dir='ltr' id='par_1_11' title="bbox 0 0 1633 4988">
     <span class='ocr_line' id='line_1_38' title="bbox 0 0 1633 4988; baseline 0 0"><span class='ocrx_word' id='word_1_321' title='bbox 0 0 1633 4988; x_wconf 95' lang='lat' dir='ltr'> </span> 
     </span>
    </p>
   </div>
  </div>
 </body>
</html>
